3025 4875
1199 345 1806 472 ι--’5--μ

345 529 351 535 ’
404 556 681 614 ornatum
731 548 1083 613 uidentur'a
1132 549 1406 613 Varrone
1445 550 1659 612 ascitie
1707 549 1827 627 alit,
1865 566 2024 629 quos
2068 545 2309 610 nonnIsi
2353 552 2597 628 propter

401 660 493 720 rei
545 659 810 721 rusticae
870 660 1386 742 scientiam,-qua
1443 658 1768 740 pollebant,
1816 657 2123 735 adhibuit,
2179 658 2357 718 multa
2402 674 2595 736 eaque

402 772 583 830 docta
628 773 928 830 enarrant.
1028 766 1093 830 ln
1142 769 1333 847 primo
1381 766 1537 828 libro
1592 767 1781 848 longe
1822 766 2070 846 plurima
2115 765 2339 828 docent
2381 765 2595 830 Scrofa

394 881 466 942 et
509 876 697 942 Stolo,
790 876 883 938 De
946 875 1210 957 Agrasio
1249 891 1498 954 prorsus
1547 875 1930 955 incomperta
1974 891 2109 936 res:
2152 880 2395 953 praeter
2435 876 2595 935 Var-

400 1000 614 1046 ronem
659 984 817 1045 enim
864 982 1021 1064 apud
1065 985 1388 1047 Gruterum
1433 984 1664 1063 semel,
1710 984 1800 1046 bis
1845 984 2000 1063 apud
2043 981 2431 1045 Muratorium
2476 982 2595 1044 boc

402 1077 625 1155 nome'n
670 1092 808 1174 legi.
2258 1128 2261 1131 -

597 1200 805 1282 Neque
849 1202 1047 1264 minus
1091 1199 1371 1285 obscura⁸
1400 1191 1471 1261 0.
1516 1196 1694 1280 Aqrii
1756 1199 1976 1280 equitis
2037 1198 2106 1262 R.
2138 1199 2440 1264 Socratici
2464 1214 2591 1259 me-

399 1310 616 1387 moria,
658 1312 759 1391 qui
803 1311 894 1372 rei
941 1311 1205 1373 rusticae
1245 1308 1486 1390 quidem
1533 1307 1803 1388 quamvis
1836 1288 2045 1386 parum
2088 1322 2320 1389 gnarus
2359 1306 2439 1383 (l,
2494 1307 2593 1381 12,

399 1418 458 1481 2.
507 1420 569 1496 5,
619 1420 708 1497 1.)
753 1417 1059 1481 naturalis·
1097 1424 1296 1479 tamen
1353 1416 1646 1479 scientiae
1709 1413 1868 1477 haud
1911 1413 2079 1476 rudis
2122 1415 2361 1477 videtur
2406 1412 2594 1476 fuisse

250 1601 275 1611 Ι
399 1527 476 1604 (l,
523 1529 584 1606 5,
621 1531 710 1603 1.)
760 1527 1149 1612 animumque
1183 1525 1527 1605 excoluisse
1558 1522 2017 1605 peregrinando
2060 1523 2138 1602 (l,
2167 1525 2227 1600 2,
2255 1528 2368 1599 3.).
2407 1514 2593 1585 'Eius-

376 1632 535 1697 ·dem
579 1634 780 1716 gentis
825 1633 1100 1695 homines
1146 1634 1322 1713 pauci
1364 1625 1426 1693 in
1469 1630 1957 1711 inscriptionibus
2000 1632 2401 1710 reperiuntur.
2505 1646 2511 1652 ·

600 1740 666 1803 Ο.
714 1739 1071 1801 Fundanius*
1105 1735 1288 1806 socer
1327 1738 1616 1802 Varronis
1653 1738 1929 1800 -aduersa
1973 1737 2317 1817 ualetudine
2358 1736 2596 1800 uidetur

395 1849 586 1912 fuisse
629 1856 770 1910 tunc
813 1841 1100 1927 temporis
1144 1847 1222 1928 (1,
1270 1849 1329 1926 2,
1360 1848 1456 1910 26.
1489 1847 1590 1909 27.
1634 1846 1743 1909 cfr.
1789 1845 1834 1924 1,
1869 1847 1941 1925 ’2,
1970 1853 2087 1924 5.).
2129 1847 2297 1910 Hunc
2334 1847 2591 1910 eundem

398 1975 538 2020 esse
582 1957 1016 2019 demonstrauit
1080 1955 1153 2018 cl.
1198 1955 1608 2019 Ritschelius
1590 1973 1650 2017 ιιι
1679 1955 1880 2018 libello
1921 1971 2099 2036 supra
2144 1954 2383 2017 laudato
2417 1955 2595 2036 atque

401 2064 629 2128 Gallum
683 2064 1050 2128 Fundanium
1118 2066 1252 2127 siue
1280 2063 1658 2127 Fundanium
1705 2063 1931 2127 Gallum
1993 2064 2087 2125 cui
2132 2064 2452 2142 inscriptus
2499 2065 2593 2125 est

398 2173 795 2254 logistoricus
851 2173 928 2235 de
971 2147 1380 2235 Admirandis.
1468 2161 1814 2234 Fundaniae
1855 2172 2055 2253 gentis
2100 2171 2374 2252 plebeiae
2417 2188 2591 2233 com:-

397 2280 603 2359 plures
649 2287 1195 2341 commemorantur
1241 2280 1516 2341 homines
1562 2281 1716 2341 inter
1759 2296 1911 2359 quos
1948 2279 2012 2341 G.
2041 2279 2382 2341 Fundanius
2425 2277 2490 2339 C.
2519 2277 2587 2341 F.

398 2388 468 2463 Q
529 2389 595 2451 N.
640 2387 980 2465 FunduluS,
1039 2382 1096 2450 a.
1157 2405 1217 2450 ιι.
1269 2385 1392 2451 505
1447 2387 1663 2450 tribun.
1710 2386 1902 2468 pleb.
1943 2387 2160 2468 paullo
2207 2393 2346 2468 post
2389 2380 2586 2449 Aedil.
2661 2390 2670 2399 “

394 2498 590 2579 pleb„
636 2514 735 2577 qui
762 2495 983 2559 Consul
1014 2515 1069 2558 a.
1096 2499 1211 2558 511
1266 2502 1474 2559 contra
1498 2497 1749 2558 Baream
1777 2490 1850 2557 in
1896 2496 2098 2558 Sicilia
2140 2496 2466 2576 pugnavit:
2511 2492 2590 2557 M.

396 2603 738 2666 Fundanius
778 2604 1154 2666 Fundulusa.
1179 2585 1294 2666 541
1342 2604 1498 2665 Aed.
1538 2603 1695 2683 pleb.
1737 2602 1812 2665 Μ.
1828 2602 2169 2666 Fundanius
2202 2621 2256 2666 a.
2283 2603 2405 2665 559
2451 2602 2589 2666 trib.

398 2712 588 2792 plebis
635 2713 711 2773 de
756 2711 971 2792 quibus
1017 2713 1285 2792 exponit
1281 2712 1696 2792 Glandorpius
1744 2713 1835 2774 in
1850 2708 2242 2774 Onomastico
2293 2717 2355 2773 et
2393 2728 2588 2774 accu-

393 2822 580 2883 ratius
629 2820 935 2883 Haakbius
994 2822 1059 2882 in
1100 2822 1286 2883 Paulii
1346 2820 1972 2900 „Realworterbucw
2018 2838 2172 2884 s.·v.
2221 2820 2583 2883 Fundanius.

395 2928 486 2990 De
532 2929 856 2991 Fundaniis
900 2931 999 3010 qui
1046 2930 1199 3009 apud
1245 2930 1318 2992 M.
1357 2911 1718 2992 ⁸Ciceronem
1766 2931 1825 2992 in
1878 2928 2270 3010 epistolisad
2300 2922 2584 3004 Quintum

395 3034 641 3119 fratrem
690 3036 878 3112 datis,
923 3038 981 3097 in
1024 3036 1203 3118 ⁴bello
1242 3036 1669 3116 Hispaniensi,
1714 3037 1894 3115 'apud
1940 3037 2011 3110 Q.
2071 3037 2425 3098 Ciceronem
2471 3035 2617 3110 (de-

308 3159 310 3161 ’
391 3151 539 3224 pets
572 3143 793 3221 Cous.)
839 3150 1384 3204 commemorantur
1429 3142 1625 3223 deque
1685 3144 2134 3206 necessitudine
2182 3120 2348 3224 quae
2391 3143 2586 3204 inter·
2646 3210 2650 3215 ,

396 3242 574 3312 cedat
616 3240 747 3313 cum
793 3252 951 3321 inter
990 3250 1130 3312 illos
1173 3253 1341 3330 ipsos
1386 3229 1504 3313 tum
1547 3246 1718 3313 inter
1747 3267 1857 3313 eos
1899 3257 1960 3312 et
2002 3238 2271 3313 nostrum
2319 3250 2396 3313 ad
2442 3262 2586 3312 cer·
2703 3246 2708 3250 ’

392 3366 512 3422 tum
561 3360 835 3439 equidem
872 3359 1154 3421 iudicium
1186 3360 1456 3422 nondum
1500 3360 1797 3441 perueni.
2462 3372 2466 3377 ·

588 3467 656 3529 L.
704 3466 1017 3528 Fundilius
1083 3467 1357 3530 aedituus
1401 3469 1652 3531 Telluris
1709 3473 2161 3531 conuocauerat
2219 3474 2461 3532 ceteros
2505 3469 2586 3562 (1,

392 3579 453 3655 2,
489 3579 539 3639 1.
567 3578 659 3652 2.)
706 3577 815 3639 sed
845 3576 1177 3639 accersitus
1223 3576 1296 3638 ab
1341 3566 1558 3655 aedile,
1599 3577 1757 3658 apud
1780 3592 1956 3659 quem
1990 3577 2164 3639 huius
2204 3577 2407 3659 templi
2452 3581 2586 3640 erat

390 3684 758 3765 procuratio,
809 3685 1134 3766 reliquerat
1178 3685 1447 3766 hospites
1506 3687 1567 3747 in
1624 3685 1777 3748 aede
1819 3692 1884 3748 ut
1938 3702 2008 3751 se
2051 3693 2491 3766 exspectarent.
2538 3684 2582 3769 l,

391 3786 495 3871 69,
542 3795 599 3857 2.
642 3785 921 3855 narratur
979 3811 1019 3854 a
1063 3788 1279 3855 liberto
1337 3811 1687 3874 percussum
1749 3793 1990 3859 cultello
2032 3775 2378 3858 concidisse
2420 3793 2586 3856 Fun-

388 3900 588 3965 dilium
657 3914 772 3965 nec
816 3902 998 3964 mnlto
1044 3909 1217 3984 post,
1274 3904 1516 3964 domum
1560 3902 1889 3980 sublatum,
1952 3907 2209 3965 ananam
2257 3903 2582 3965 efflauissc.

383 4009 559 4083 Haec,
597 4017 734 4071 sunt
773 3990 928 4090 quae
975 4011 1051 4071 de
1095 4002 1213 4074 boc
1233 4011 1503 4074 Fundilio
1547 4013 1841 4094 indagare
1882 4014 2052 4093 potui
2097 4014 2336 4075 omnia..
2405 4010 2581 4075 Alios

386 4112 797 4198 buiusgentis
839 4126 1311 4181 commemorant
1357 4120 1787 4201 Glandorp.',e't
1822 4123 2279 4201 inscriptiones

582 4208 857 4300 Licinias
917 4224 1082 4288 Stolo
1143 4227 1451 4291 Stolonum
1498 4229 1926 4292 confirmasse*
1953 4227 2171 4291 dicitur
2212 4223 2579 4309 cognomen,
