3025 4875
1288 311 1702 373 ...15-

417 507 571 572 quae
614 492 674 553 in
703 489 905 572 longe·
929 488 1196 573 plurimis
1222 488 1535 566 (fortasse
1559 486 1868 578 omnibus)
1903 485 2124 569 legitur
2163 484 2600 565 manuscriptis·

415 598 553 680 lpse
597 606 799 688 autem
864 598 1001 658 fons
1056 613 1231 679 quam
1288 596 1469 658 suerit
1512 597 1808 675 impuruS,
1863 594 2189 656 ostendunt
2230 594 2605 674 apertissime

408 725 504 784 ea,
549 707 762 787 quibus
787 704 923 766 libri
956 710 1215 782 scatent,
1242 703 1633 796 glossemata,
1668 720 1915 783 quorum
1944 718 2136 784 pauca
2177 704 2343 764 iuuat
2386 700 2606 765 afferre

408 811 717 893 exempla:
761 813 805 890 1,
857 812 962 889 37,
989 813 1046 873 2.
1066 810 1308 873 Ianam
1341 809 1561 871 Ianam
1610 809 1726 872 his.
1767 809 1838 888 ll,
1880 810 1940 887 3,
1982 809 2038 871 7.
2084 814 2227 872 sunt
2269 809 2389 872 duo
2431 807 2609 870 hoedi

405 927 467 982 et
507 937 704 998 capra
748 937 872 979 non
914 919 1085 999 lonqe
1132 936 1175 979 a
1219 925 1421 984 tauro.
1462 915 1608 995 (cfr.
1654 916 1976 995 ΙΙ,1,17.)
2022 913 2120 994 ΙΙΙ,
2169 917 2263 994 12,
2310 915 2371 982 6,
2418 933 2459 978 a
2499 933 2605 977 ce-

401 1027 739 1092 lem‘tudine.
767 1025 963 1090 Vrsin.
998 1044 1040 1088 a
1083 1026 1405 1092 celeritate.
1479 1026 1808 1099 Quaerenti
1859 1025 2158 1088 eiusmodi
2201 1023 2487 1106 permulta
2531 1040 2602 1087 se

403 1135 682 1212 offerent,
727 1135 1049 1197 obseruata
1075 1135 1297 1215 passim
1324 1134 1398 1196 ab
1425 1132 1643 1196 Vrsino
1688 1139 1750 1197 et
1780 1135 2117 1215 Scaligero,·
2163 1133 2375 1214 quibus
2404 1133 2602 1195 omni-

398 1245 511 1308 bus
557 1246 769 1306 eiectis
836 1243 1016 1305 ualde
1080 1249 1363 1306 mutatum
1419 1242 1554 1305 fore
1610 1242 1787 1307 huius
1847 1243 2048 1322 operis
2095 1241 2339 1303 dicendi
2379 1258 2601 1323 genu-⁶3,

400 1355 768 1435 propiusque
826 1351 901 1414 ad
964 1350 1234 1432 reliquae
1290 1352 1636 1432 scriptionis
1680 1352 2098 1415 Varronianae
2157 1349 2601 1413 similitudinem

409 1478 775 1525 accessuros
822 1473 963 1521 esse
1003 1459 1305 1544 puto-hos
1348 1460 1424 1532 de
1459 1476 1508 1521 r.
1555 1477 1603 1521 r.
1647 1458 1855 1523 libros·
1944 1459 2114 1534 Quae
2158 1477 2293 1522 cum
2335 1459 2423 1522 'ita
2466 1459 2605 1538 sint,

404 1586 659 1650 cumque
705 1567 961 1632 eandem
1002 1568 1121 1630 hos
1171 1567 1360 1630 libros
1407 1574 1693 1646 expertos
1725 1585 1866 1631 esse
1887 1574 2113 1630 sortem
2159 1575 2337 1648 atque
2384 1567 2601 1630 multos

350 1751 365 1766 ι
404 1678 557 1740 alios
602 1677 790 1753 (inter
853 1692 1013 1755 quos
1070 1676 1257 1755 ipsius
1304 1673 1594 1737 Varronis
1637 1674 1693 1737 d.
1747 1676 1784 1737 l.
1832 1676 1870 1740 Ι.
1912 1675 2133 1753 libros]
2176 1674 2335 1737 haud
2389 1677 2599 1738 careat

403 1784 941 1862 uerisimilitudine,
963 1800 1041 1845 ex
1068 1800 1188 1844 uno
1219 1784 1315 1846 uel
1336 1784 1658 1864 perpaucis
1684 1790 1905 1846 tantum
1926 1773 2105 1845 codd.
2133 1800 2368 1852 omnem
2389 1783 2598 1847 libror.

400 1890 784 1954 ms3.molem
824 1889 1156 1952 deriuatam
1195 1907 1334 1952 esse
1372 1891 1670 1953 existimo.
1718 1891 1828 1953 Pro
1876 1908 2076 1974 eoque
2122 1891 2359 1971 codice,
2406 1891 2599 1954 siluit

397 2017 574 2076 unuS‚
615 1998 773 2060 haud
823 1999 956 2059 scio
989 2015 1065 2059 an
1110 1996 1423 2060 habendus
1465 1999 1543 2060 sit
1584 1999 1926 2062 Marcianus
1970 2000 2372 2078 Florentium,
2414 2016 2593 2080 quem

400 2125 513 2188 pro
555 2108 969 2186 antiquissimo
1005 2106 1214 2169 haberi
1256 2114 1466 2187 postea
1494 2107 1851 2171 uidebimus
1940 2108 2143 2188 ltaque
2172 2108 2409 2172 uidetur
2436 2108 2595 2171 Var-

397 2217 788 2279 ronianorum
835 2213 1015 2276 codd.
1051 2215 1433 2295 interpolatio
1482 2217 1600 2277 iam
1645 2216 1872 2296 aliquot
1919 2217 2181 2283 saeculis
2225 2225 2365 2279 ante
2407 2234 2596 2280 rena-

399 2330 497 2386 tas
541 2322 767 2384 litteras
808 2339 844 2382 e
887 2324 1251 2385 recensione
1294 2323 1491 2402 aliqua
1537 2342 1679 2386 esse
1725 2331 1880 2404 orta,
1925 2324 2115 2405 qualis
2162 2326 2220 2386 in
2260 2324 2392 2387 aliis
2432 2342 2595 2405 quo-

400 2449 519 2513 que
554 2432 971 2512 scriptoribus
1028 2430 1352 2499 identidem
1420 2434 1736 2513 reperitur.
1837 2432 1969 2508 ‘Qui
2027 2434 2296 2509 criticam
2352 2451 2595 2515 operam

401 2557 629 2603 nauare
672 2540 836 2602 uolet
876 2539 970 2600 his
1013 2540 1224 2618 libris,
1274 2542 1371 2617 ei,
1419 2547 1481 2603 ut
1524 2548 1689 2620 puto,
1738 2543 2156 2622 inquirendum
2200 2544 2315 2605 erit
2356 2549 2599 2623 praeter

404 2652 610 2708 cetera
669 2648 730 2708 in
775 2645 934 2709 hunc
986 2647 1262 2709 codicem
1305 2647 1488 2712 Marc.
1530 2648 1911 2730 Flor.-inque
1975 2651 2333 2713 collationes
2377 2658 2438 2713 et
2482 2667 2614 2729 co·-z

406 2754 577 2817 dices
620 2772 699 2817 ex
756 2755 858 2817 illo
902 2757 1257 2837 exscriptos.
1347 2756 1422 2818 Vt
1469 2763 1666 2819 autem
1706 2758 1903 2838 paullo
1952 2760 2293 2824 accuratius
2334 2761 2596 2842 perspici

394 2863 589 2945 possit
638 2862 818 2925 codd.
866 2871 1044 2945 atque
1088 2864 1418 2929 editionum
1461 2866 1616 2928 ratio
1642 2866 1980 2930 addidimus
2008 2868 2185 2930 libr.1
2233 2886 2289 2949 p.
2311 2871 2410 2930 55.
2452 2886 2600 2949 par-

398 2976 519 3032 tem
557 2972 820 3050 priorem
871 2971 930 3032 in
966 2988 1081 3050 qua
1127 2972 1489 3036 emendandi
1515 2974 1841 3055 perieulum
1887 2975 2159 3052 fecimuS,
2202 2977 2470 3056 apposita
2517 2976 2595 3039 ad

397 3078 916 3158 comparationem
949 3077 1423 3142 Schneideriana
1468 3084 1832 3145 recensione
1863 3099 1980 3146 una
2023 3102 2155 3146 cum
2201 3085 2476 3146 codicum
2521 3085 2595 3162 *J

399 3191 581 3266 atque
648 3202 855 3246 earum
921 3185 1251 3249 editionum
1311 3187 1572 3252 diuersis
1623 3193 1939 3272 scripturis
2005 3209 2155 3273 quas
2201 3190 2367 3253 libris
2416 3209 2594 3256 manu

398 3292 638 3373 scriptis
679 3290 960 3356 adhibitis
1008 3292 1382 3367 factasesse
1436 3304 1697 3360 constat.
1744 3299 1877 3373 Quo
1921 3317 1999 3361 ex
2042 3301 2372 3380 specimine
2419 3300 2596 3362 facile

398 3404 809 3480 cognoscetur
876 3401 1012 3463 sine
1073 3402 1386 3466 meliorum
1436 3410 1497 3465 et
1537 3422 1572 3465 a
1613 3407 1838 3468 nostris
1895 3405 2273 3470 diuersorum
2317 3407 2624 3470 codicum¹

395 3506 618 3569 auxilio
681 3507 860 3569 nimis
924 3508 1104 3571 multa
1160 3514 1302 3575 esse
1359 3527 1609 3590 prorsus
1667 3514 1918 3577 incerta.
2022 3514 2313 3597 Proposui
2355 3516 2593 3597 quidem

395 3614 807 3677 restituendae
851 3616 1188 3697 scripturae
1232 3625 1538 3698 conatum,
1595 3621 1690 3683 cui
1738 3628 1934 3685 tamen
1982 3631 2267 3704 quantum
2313 3626 2389 3688 ab
2435 3626 2592 3688 inte-

389 3738 503 3801 gra
545 3722 704 3785 desit
745 3723 1166 3807 probabilitate
1212 3743 1310 3789 me
1354 3728 1599 3791 minime
1643 3728 1815 3812 fugit.

496 4049 552 4131 ξ’)
592 4061 637 4113 E
674 4062 805 4115 Cod.
845 4065 1142 4122 vratislaw.
1177 4077 1350 4123 totum
1389 4072 1491 4124 hoc
1529 4082 1694 4144 caput
1733 4077 1952 4147 propria
1989 4093 2151 4129 manu
2188 4081 2587 4137 accuratissimo

589 4158 917 4230 exscriptum
955 4161 1024 4215 ad
1058 4178 1147 4217 mo
1186 4168 1484 4221 transmisit
1526 4169 1735 4223 Huius.
