3025 4875
1129 1122 1819 1230 vlmA.

1124 1492 1131 1498 .
2587 1443 2644 1496 ὓ

578 1555 765 1621 Natus
799 1572 931 1620 sum
970 1575 1026 1621 a.
1071 1559 1128 1621 d.
1174 1556 1277 1619 XI.
1321 1557 1447 1627 Cal.
1486 1557 1657 1623 Mart.
1708 1557 1850 1620 anni
1891 1554 2374 1621 CIOIOCCCXXI
2417 1553 2605 1620 Mei·
2655 1573 2676 1642 '.

411 1680 716 1763 ningae
776 1688 947 1763 patre
1021 1682 1310 1745 Ioanne
1364 1680 1465 1743 Th
1486 1679 1813 1762 eophilo
1881 1682 1983 1762 qui
2066 1678 2287 1742 medici
2342 1679 2608 1744 forensis

412 1815 663 1861 munere
687 1799 837 1864 Son
857 1798 1262 1882 nebergae
1303 1798 1590 1880 fungitur,
1629 1804 1822 1860 matre
1861 1797 1913 1859 H
1933 1814 2024 1860 en
2045 1798 2300 1860 rietta
2344 1813 2382 1859 e
2419 1804 2606 1880 gente

412 1913 734 1996 lleymia
775 1932 952 1997 quam
991 1922 1187 1978 morte
1217 1916 1422 1997 iniqua
1462 1915 1608 1977 mihi
1652 1920 1917 1996 ereptam
1945 1914 2147 1997 lugeo,
2189 1915 2362 1995 patre
2405 1919 2604 1976 autem

411 2032 726 2095 carissimo
774 2031 971 2097 adhuc
1006 2034 1337 2119 ¹superstite
1383 2034 1600 2096 laetor.
1650 2032 1966 2113 Postquam
2022 2032 2397 2116 gymnasium
2439 2030 2604 2111 quod

406 2127 769 2230 Cobur'gi
823 2147 1002 2211 floret
1045 2149 1289 2212 circiter
1328 2166 1441 2212 sex
1483 2165 1678 2212 annos
1719 2148 2095 2229 frequentaui
2118 2194 2136 2226 ,
2180 2146 2602 2211 adiuuantibus
2637 2203 2646 2212 .

402 2261 602 2326 studia
643 2280 779 2325 mea
822 2263 1112 2344 imprimis
1155 2264 1603 2346 Forbergio
1651 2269 1710 2326 et
1754 2261 2394 2343 Tromphellero‚
2440 2278 2602 2342 qno-

409 2365 545 2442 rum'
589 2379 905 2443 carissima
960 2396 1262 2462 nunquam
1323 2397 1402 2444 ex
1443 2381 1643 2443 animo
1701 2385 2027 2443 euanescet
2066 2378 2376 2458 memoria,
2420 2377 2601 2441 Hil-

408 2496 908 2576 pertohusae
950 2468 1227 2559 examine
1279 2503 1561 2576 superato
1604 2496 1935 2576 Lipsiam
1980 2513 2078 2557 me
2121 2494 2345 2558 contuli
2383 2495 2599 2559 litteris

280 2603 286 2609 ’
403 2611 600 2674 sacris
644 2626 890 2692 operam
936 2610 1204 2675 daturus·
1291 2611 1378 2673 lbi
1422 2611 1625 2674 audiui
1686 2611 2119 2688 Winerum,
2164 2610 2596 2692 Flathium,

403 2725 1007 2807 Drobischium,
1048 2727 1783 2805 Hartensteinium,
1827 2727 2384 2791 Fleischernm.
2453 2728 2597 2792 Post

401 2847 698 2905 semestre
742 2845 996 2924 spatium
1037 2844 1236 2925 Lipsia
1282 2843 1491 2906 relicta
1533 2843 1959 2925 Tubingae
2008 2842 2130 2906 adii
2168 2843 2410 2906 scholas
2449 2844 2593 2924 phi-

402 2952 750 3037 losophicas
789 2958 1181 3040 Sigwarti
1226 2965 1286 3019 et
1324 2959 1857 3038 Kornbeckii,
1898 2957 2277 3040 theologicas
2319 2959 2593 3034 Bauri,

400 3069 565 3133 beati
626 3071 941 3152 Kernii,
1021 3073 1508 3148 L-andereri,
1576 3074 1989 3152 Schmidii,
2070 3074 2386 3153 Meieri,
2441 3093 2591 3157 prae

396 3187 676 3250 omnibus
731 3206 881 3253 uero
946 3191 1262 3252 Zelleri.
1377 3191 1669 3271 Imprimis
1713 3196 1911 3253 autem
1952 3189 2274 3252 Arabicam
2307 3190 2596 3271 linguam,

399 3301 789 3383 Sanscritam,
838 3304 1165 3384 Persicam,
1208 3304 1592 3384 Hebraicam,
1625 3303 2030 3384 Chaldaicam,
2071 3304 2381 3385 Syriacam
2428 3305 2588 3385 apud

392 3417 823 3482 Ewaldium
880 3423 1164 3496 tractaui,
1224 3421 1320 3484 cui
1374 3422 1509 3483 uiro
1586 3421 1920 3485 clarissimo
1980 3437 2107 3482 non
2170 3420 2363 3483 solum
2422 3421 2588 3501 quod

391 3533 742 3615 quotidiana
812 3551 910 3596 me
951 3535 1232 3599 instruxit
1274 3537 1643 3598 institutione
1665 3581 1685 3616 ,
1726 3534 1838 3598 sed
1885 3533 2047 3597 idem
2092 3537 2272 3598 etiam
2313 3535 2585 3618 grauiter

386 3650 735 3732 aegrotanti
778 3649 963 3713 modo
991 3667 1117 3714 non
1156 3659 1407 3732 paterno
1450 3653 1772 3734 opitulatus
1818 3658 1912 3716 est
1937 3651 2235 3716 beneficio
2265 3669 2387 3716 non
2430 3670 2584 3734 pos-

384 3747 517 3828 sum
562 3767 703 3847 quin
746 3767 1038 3829 maximas
1085 3784 1264 3849 agam
1309 3770 1560 3849 gratias.
1661 3769 1775 3831 Per
1817 3768 2121 3831 biennium
2171 3786 2305 3832 cum
2352 3768 2579 3832 Tubin.

134 3886 143 3893 '
236 3863 264 3891 ”
381 3897 502 3964 gae
550 3880 645 3944 his
685 3882 899 3947 litteris
952 3884 1377 3964 incubuissem‚
1419 3883 1580 3947 haud
1623 3885 1757 3947 sine
1802 3901 1984 3947 causa
2012 3885 2381 3967 theologiam
2425 3887 2577 3949 mis-

381 4012 512 4059 sam
557 3995 679 4059 feci
719 4004 781 4060 et
822 3998 900 4060 ad
952 3999 1332 4064 humanitatis
1390 4000 1588 4064 studia
1628 4019 1726 4063 me
1768 4007 1954 4064 tetum
1999 4001 2313 4083 applicaui.
2399 4001 2575 4064 Anti-

380 4128 629 4195 quarum
672 4115 832 4178 enim
868 4113 1196 4180 litterarum
1239 4117 1431 4181 amori
1498 4122 1563 4180 ut
1602 4116 1987 4182 satisfaceret
2037 4117 2120 4180 ad·
2160 4116 2320 4182 hanc
2357 4117 2573 4182 almam
