3025 4875
1340 341 1758 400 ...18-

457 515 567 580 sed
618 516 795 578 etiam
844 514 1264 577 extrinsecus:
1307 514 1508 593 itaque
1594 510 1723 573 ‘sed
1769 512 1944 573 etiam
2007 511 2399 574 extrinsecus,
2470 510 2659 592 Haec,
2708 534 2712 538 ·

455 624 757 686 dominum
780 624 923 685 etin
954 626 1040 699 25)
1069 619 1316 683 balneas
1341 626 1402 683 et
1420 607 1506 696 2⁶)
1610 619 1687 681 de
1731 637 1846 699 qua
1888 620 1964 682 fit·
1992 620 2211 697 oleum,
2258 622 2510 700 congeri
2550 638 2662 683 so-

449 733 831 813 gymnasium
896 733 984 807 2⁷)
1060 728 1329 808 sequitur
1393 729 1499 803 28).
1604 727 1687 789 let
1732 728 2058 789 aceruatim
2088 745 2197 807 per
2221 731 2304 804 ²⁰)
2346 728 2475 790 dies
2520 731 2655 792 sin-

446 841 649 914 Haec,
697 839 773 901 de
817 855 930 919 qua
973 838 1035 900 fit
1079 835 1295 913 oleum,
1343 852 1501 897 con·
1599 835 1777 916 gulos
1836 836 1897 898 in
1962 836 2393 914 tabutata-³⁰),
2438 839 2520 900 uti
2565 841 2653 913 3¹.)

439 947 574 1030 geri
627 945 784 1009 solet
827 946 1150 1007 aceruatim
1206 961 1317 1025 per
1363 942 1495 1005 dies
1596 942 1679 1004 ibi
1750 943 2140 1034 mediocriter
2204 943 2535 1022 fracescat,
2577 963 2653 1008 ac

439 1054 712 1136 singulos
736 1055 797 1116 in
830 1052 1112 1132 tabulata,
1141 1053 1224 1114 vti
1249 1051 1332 1114 ibi
1357 1068 1494 1113 me-
1593 1051 1817 1132 primus
1845 1054 1929 1128 ³²)
1975 1050 2227 1132 quisque
2269 1069 2525 1116 aceruos
2558 1056 2645 1130 3³)

437 1164 728 1251 diocriter
767 1161 1104 1236 fracescet,
1148 1177 1223 1222 ac
1263 1159 1491 1238 primus
1595 1157 1935 1220 demittatur
1970 1160 2053 1238 34)
2098 1176 2208 1239 per
2251 1176 2400 1222 sena
2432 1164 2517 1237 ³5)
2549 1162 2640 1223 ad

430 1272 683 1353 quisque
727 1286 984 1332 aceruus
1011 1266 1348 1330 demittatur
1375 1283 1484 1347 per
1567 1271 1854 1353 ‚trapetas
1903 1268 2006 1343 ³⁶).
2051 1265 2198 1329 Olea
2240 1267 2395 1338 lecta
2441 1273 2555 1330 etc.

429 1380 625 1441 serias
665 1395 739 1441 ac
775 1395 923 1440 uasa
957 1376 1185 1438 olearia
1229 1375 1308 1437 ad
1351 1380 1482 1436 tra-

425 1492 633 1568 petaS‚
698 1503 852 1566 quae
916 1502 1019 1548 res
1061 1482 1259 1545 molae
1306 1481 1493 1576 olea-3,

422 1595 635 1671 riaeff)
679 1610 715 1655 e
762 1594 914 1657 duro
959 1598 1021 1655 et
1062 1606 1281 1672 aspero
1323 1590 1482 1670 lapi-

424 1701 502 1764 de
549 1705 656 1780 3⁷).
706 1700 856 1765 Olea
901 1701 1060 1763 lecta
1109 1707 1225 1762 etc.

618 1931 717 1992 25.
775 1931 857 2006 in]
904 1930 968 1989 in
1031 1947 1065 1990 a
1113 1927 1394 1992 Schneid.
1444 1930 1752 1991 insertum.
1802 1933 1860 1989 et
1924 1928 2010 1989 ad
2044 1928 2178 1991 Atd.
2398 1928 2497 1994 26.
2543 1937 2630 2008 et]

616 2036 675 2090 et
713 2031 798 2091 ad
823 2030 956 2093 Ald.
1171 2029 1269 2090 27.
1312 2030 1715 2109 gymnasium]
1758 2029 2158 2108 pyminasium
2192 2030 2313 2092 Pol.
2528 2034 2631 2096 28.

580 2131 903 2208 ·sequitur]
959 2128 1295 2207 insequitur
1340 2129 1461 2194 ΡοΙ.
1527 2128 1665 2188 inde
1731 2128 2004 2206 sequitur
2066 2128 2305 2193 lenson.
2521 2132 2622 2193 29.

607 2246 726 2307 per
764 2246 882 2290 om.
919 2231 1090 2292 Vrat.
1119 2228 1430 2308 Ryckian.
1474 2228 1571 2289 ed.
1601 2228 1747 2309 Reg.
1793 2228 1974 2289 Paris,
2016 2230 2153 2305 Μ).
2372 2231 2476 2292 30.
2518 2237 2617 2293 ta-

609 2328 832 2409 bulata]
899 2327 1167 2389 tabulato
1214 2326 1416 2389 Cresc.
1477 2328 1774 2388 commod.
1820 2344 1940 2389 rur.
2230 2329 2329 2404 31.
2376 2331 2491 2415 uti]
2549 2336 2617 2391 at

611 2427 778 2490 Vrat.
1076 2428 1177 2490 32.
1240 2429 1487 2507 primus]
1552 2427 1836 2506 primitus
1917 2427 2073 2495 lens,
2158 2431 2340 2509 prius
2409 2431 2615 2493 Cresc.

608 2530 711 2592 33.
757 2520 1044 2613 aceruos]
1090 2546 1350 2588 aceruos
1400 2528 1561 2609 Vrat.
1596 2529 1766 2591 vind.
1813 2528 2068 2591 Caesen.
2238 2529 2340 2590 34.
2386 2529 2608 2592 demit-

609 2633 787 2704 tatur]
836 2628 1185 2688 admittatur
1208 2628 1367 2689 Vrat.
1413 2628 1660 2689 demittit
1700 2628 1871 2690 vind.
1907 2628 2229 2690 demittitur
2249 2630 2382 2695 Vnt.
2430 2630 2610 2694 codd.

610 2728 763 2811 apud
811 2728 1055 2790 Ponted.
1101 2727 1259 2790 lens.
1432 2728 1533 2790 35.
1584 2746 1692 2808 per
1734 2746 1882 2789 sena
1930 2729 2003 2790 ad
2050 2735 2336 2809 trapetas]
2387 2730 2613 2791 admit-

607 2833 776 2890 tatur
836 2847 953 2907 per
1010 2847 1161 2889 sena
1197 2846 1358 2889 uasa
1397 2827 1636 2888 olearia
1685 2845 1761 2888 ac
1807 2827 2086 2906 trapetas
2116 2845 2273 2907 quae
2314 2847 2421 2891 res
2461 2831 2617 2890 mole

607 2928 880 2990 oleariae
944 2947 1024 2989 em
1097 2929 1252 2990 duro
1317 2929 1371 3010 <5¹
1431 2945 1656 3005 aspero
1721 2926 1966 3006 lapidea
2023 2928 2160 2989 olea
2218 2926 2380 2990 Vrat.
2448 2946 2642 2989 sena·

609 3030 696 3091 ad
739 3030 858 3092 Pol.
895 3031 946 3090 1.
995 3029 1250 3092 Caesen.
1290 3045 1445 3090 sena
1488 3027 1572 3089 ad
1602 3045 1764 3088 uasa
1791 3046 1867 3088 ac
1908 3033 2185 3105 trapetas
2213 3028 2363 3090 Vict.
2414 3034 2609 3089 vetus·

601 3147 729 3209 per
759 3128 930 3193 seria
993 3127 1078 3189 ad
1118 3145 1279 3189 uasa
1322 3127 1562 3189 olearia
1614 3124 1986 3204 etktrapetas
2031 3129 2167 3189 Vat.
2214 3127 2393 3188 codd.
2438 3128 2603 3190 Pont.

608 3227 779 3289 seria
821 3227 918 3288 ad.
961 3226 1080 3289 Pol.
1139 3229 1193 3288 2.
1256 3225 1426 3287 seria
1494 3226 1649 3288 Vict.
1707 3231 1937 3291 recent.
2001 3230 2059 3286 et
2122 3231 2397 3309 trapetas
2452 3226 2608 3287 lens,

606 3326 949 3387 demittatur
991 3323 1056 3385 in
1114 3320 1229 3385 sex
1263 3323 1551 3402 partibus
1589 3341 1703 3383 seu
1760 3322 1997 3384 uicibus
2046 3323 2130 3383 ad
2164 3341 2326 3384 uasa
2370 3324 2608 3397 olearia

610 3432 669 3486 et
714 3429 1008 3502 trapetas,
1056 3423 1260 3484 Cresc.
1302 3488 1307 3493 ,
1438 3420 1539 3482 36.
1582 3425 1872 3503 trapetas]
1919 3426 2193 3499 trapetas
2232 3424 2403 3485 Vrat.
2448 3423 2609 3484 Vict.

541 3513 545 3517 ’
604 3527 744 3588 Vat.
787 3522 1176 3586 lens.Cresc.
1218 3527 1463 3600 trapeta
1485 3520 1623 3583 Ald.
1793 3522 1898 3585 37.
1943 3538 2097 3603 quae
2139 3516 2239 3585 ree
2266 3540 2344 3583 m.
2381 3538 2437 3588 o,
2467 3538 2521 3583 e.
2545 3521 2602 3588 d.

517 3757 838 3858 *sMei-cer.
879 3783 947 3834 ad
974 3783 1116 3835 Non.
1163 3800 1218 3852 p.
1253 3782 1339 3846 62,
1376 3781 1431 3838 4.
1505 3754 1729 3852 Regina]
1772 3785 1939 3836 fuisse
1979 3783 2123 3843 hunc
2159 3781 2400 3834 codicem
2437 3783 2598 3835 docet

610 3881 835 3932 Mei-cer.
872 3877 1107 3933 adsNon.
1145 3895 1195 3947 p.
1233 3877 1321 3940 61,
1363 3876 1450 3929 28.

477 3994 562 4064 aa)
600 3995 762 4043 Varro
800 3989 852 4046 d.
892 3989 931 4041 1.
976 3990 1013 4041 1.
1041 3990 1107 4052 V,
1157 3988 1259 4041 138
1296 3989 1382 4040 ed.
1423 3988 1707 4039 Mueller-‚z
1748 3994 1971 4056 trapetes
1994 3987 2163 4039 molae
2200 3987 2450 4039 oleariae.
2489 3987 2602 4039 tbi-

492 4112 501 4117 ·
610 4086 758 4138 dem:
792 4091 985 4136 uocant
1022 4090 1246 4151 trapetes
1283 4086 1554 4150 (trapetas.
1597 4081 1715 4132 cod.
1751 4082 1838 4151 F.)
1898 4097 1934 4132 a
1979 4081 2190 4133 terendo
2225 4082 2331 4133 nisi
2357 4096 2605 4150 graecum

611 4189 701 4232 est.
741 4181 984 4251 Vtroque
1024 4180 1148 4232 loco
1186 4179 1519 4232 Varroniano
1560 4185 1788 4247 trapetas
1828 4178 2168 4232 scribendum
2211 4195 2327 4232 esse
2381 4194 2599 4232 censeo·
