3025 4875
1308 309 1729 367 ...24-

434 484 587 551 lata.)
636 490 859 551 quartus
914 482 1133 551 quidam
1197 483 1356 533 amici
1425 491 1481 535 et
1518 483 1798 534 familiaris
1844 481 2112 536 hominis:
2161 484 2256 553 qui
2296 483 2353 534 in
2389 484 2633 546 Varrone

435 585 615 622 comes
657 569 767 619 illis
804 568 1134 636 adiungitur,
1174 577 1231 621 et
1264 587 1374 621 non
1413 570 1750 637 negligenter
1786 586 1817 619 a
1853 569 2014 621 nobis
2042 571 2100 622 in
2135 569 2239 621 hoc
2274 587 2494 620 munere
2528 570 2633 620 ob-

434 665 678 707 seruatus
721 662 817 706 est.
895 655 1052 706 illum
1090 663 1296 719 autem,
1332 657 1582 725 quamuis
1626 655 1813 724 priscis
1852 653 2186 727 temporibus
2223 666 2471 707 exaratus
2517 673 2632 707 non

436 743 616 804 fuerit,
653 741 1118 810 paruisaciendum
1157 759 1268 795 non
1306 743 1535 811 putaui:
1571 760 1694 793 nam
1728 742 1875 793 domi
1917 742 2213 794 doctissimi
2254 751 2310 794 et
2346 743 2629 794 clarissimi

437 831 538 879 uiri
576 831 661 896 (ut
694 829 752 880 in
799 846 865 879 eo
913 844 1132 899 quoque
1191 828 1509 880 adnotatum
1548 831 1653 901 est)
1717 829 1948 881 Guarini
1984 830 2311 881 Veronensis
2351 831 2629 880 Ferrariae

436 917 736 985 exscriptus
798 915 931 967 fuit:
990 923 1049 966 ut
1098 916 1310 966 facilius
1347 917 1511 967 etiam
1550 933 1580 966 a
1615 917 1784 967 natali
1825 916 1947 968 loco
1985 916 2119 967 fides
2159 917 2210 968 ei
2249 916 2499 967 habenda
2537 918 2631 968 sit.

433 1005 558 1055 Non
597 1004 742 1054 enim
785 1003 854 1056 ab,
895 1003 1085 1053 iisdem
1128 1003 1528 1071 exemplaribus
1565 1004 1762 1074 quibus
1799 1005 1991 1067 nostri,
2031 1004 2305 1073 profectus
2345 1019 2462 1057 esse
2505 1012 2632 1072 pot-

436 1098 550 1141 est:
590 1098 701 1152 aut,
739 1089 957 1158 quando
994 1108 1113 1141 curn
1153 1073 1307 1141 libris
1342 1093 1545 1142 nostris
1604 1092 1878 1143 consentit
1910 1090 2083 1161 (quod
2122 1079 2510 1159 saepenumero
2550 1092 2634 1141 sa·

438 1176 536 1243 rit)
577 1175 633 1225 id
670 1183 846 1226 astute
884 1176 1078 1238 facere,
1118 1184 1174 1227 et
1214 1176 1442 1227 consilio
1496 1177 1687 1246 aliquo
1728 1175 1929 1228 fraudis
1967 1193 2086 1227 cum
2126 1175 2237 1227 illis
2273 1177 2409 1228 inito
2446 1176 2634 1227 existi-

433 1263 566 1313 mari
608 1262 814 1315 debet:
854 1263 946 1314 sed
991 1272 1050 1314 ut
1087 1263 1428 1333 incorruptus
1464 1265 1618 1315 testis
1658 1264 1804 1333 quod
1841 1265 1898 1315 in
1927 1265 2155 1316 ueritate
2193 1265 2260 1315 ab
2303 1264 2387 1315 his
2423 1264 2630 1316 discre-

438 1367 569 1419 pare
597 1350 751 1401 nolit.
794 1353 872 1401 De
902 1351 1023 1401 aliis
1049 1350 1311 1420 plurimis,
1348 1352 1442 1421 qui
1484 1360 1578 1401 aut
1598 1368 1663 1401 ex
1688 1331 1878 1416 eodem
1896 1352 2048 1402 sonte
2088 1352 2211 1415 orti,
2251 1360 2348 1403 aut
2372 1352 2629 1403 mendose

436 1438 621 1504 scripti
659 1444 801 1500 sunt,
841 1439 1170 1500 mentionem
1227 1456 1340 1489 non
1391 1438 1579 1489 faciam
1607 1475 1623 1502 ‚
1661 1454 1782 1490 nam
1815 1447 1909 1490 aut
1942 1439 2264 1492 ambitiosus
2299 1440 2355 1489 in
2394 1438 2627 1491 citandis

437 1523 668 1575 testibus
714 1523 961 1587 uiderer,
994 1532 1088 1576 aut
1125 1525 1383 1600 studiosis
1423 1527 1542 1576 sine
1581 1526 1694 1575 ulla
1734 1526 1969 1577 utilitate
2010 1526 2286 1577 fastidium
2324 1529 2626 1580 afferrem-‘⁶

432 1611 497 1661 ln
534 1610 664 1678 ipsis
694 1611 1151 1679 explicationibus
1187 1621 1403 1681 praeter
1441 1614 1771 1664 Marcianum
1826 1612 1946 1665 cod.
1999 1621 2055 1664 et
2090 1615 2513 1665 Laurentianum
2550 1613 2626 1664 il-

434 1697 544 1746 lum
570 1734 586 1759 ‚
624 1714 784 1766 quem
839 1695 1048 1774 gallicis
1112 1699 1288 1753 literis
1349 1708 1625 1753 exaratum
1665 1700 1829 1753 fuisse
1886 1699 2039 1765 dicit,
2075 1717 2339 1771 nusquam
2379 1699 2646 1769 singulos,

431 1786 682 1837 nominat
719 1784 902 1844 libros.

832 1974 991 2038 vm.
1084 1970 1657 2041 Vratz‘slaviensis.

628 2152 907 2215 Wachler,
953 2152 1263 2224 (Rhediger
1321 2154 1434 2207 und
1486 2156 1636 2207 seine
1689 2153 2193 2221 Biichersammlung
2265 2155 2323 2205 in
2375 2152 2623 2222 Breslau)

430 2238 578 2294 hisce
635 2239 816 2291 uerbis
878 2239 1021 2292 bunc
1083 2241 1323 2292 codicem
1390 2243 1670 2300 describit:
1742 2242 2001 2307 ‚,membr.
2081 2242 2179 2293 177
2239 2241 2334 2291 sol.
2396 2241 2456 2290 in
2502 2240 2620 2289 Fol.

430 2321 677 2379 diuersae
735 2329 943 2380 aetatis.
1019 2330 1155 2381 Cato
1220 2330 1355 2382 1472
1405 2330 1652 2383 Venetii's
1692 2338 1976 2382 exaratus:
2031 2328 2201 2380 Varro
2260 2325 2622 2379 etsl'alladius

427 2432 566 2469 saec.
609 2416 748 2468 XIV.
804 2416 1008 2486 scripti.
1050 2416 1172 2469 Nro.
1218 2399 1359 2470 66.“Ι
1419 2418 1719 2481 Gesnerus,
1757 2418 1854 2488 qui
1894 2435 1958 2470 ex
1997 2415 2158 2468 huius
2212 2415 2413 2467 codicis
2468 2411 2621 2483 parte

424 2504 604 2577 priore
665 2511 945 2572 acceperat
1009 2505 1391 2575 scripturarum
1454 2505 1869 2565 Catonianarum
1931 2504 2225 2557 nonnullas
2283 2502 2402 2571 (cfr.
2455 2503 2621 2555 Gesn-

423 2588 754 2658 praef-111.)
810 2599 1109 2643 monstrose
1167 2593 1422 2644 uitiosum
1483 2610 1605 2644 eum
1645 2610 1764 2645 esse
1825 2593 1974 2645 dicit.
2070 2593 2150 2643 De
2212 2589 2433 2653 eodem,
2483 2607 2622 2658 qua-

423 2685 583 2732 tenus
635 2677 704 2728 ad
741 2678 1039 2731 Varronem
1094 2678 1221 2730 facit
1252 2680 1417 2729 'idem
1469 2680 1739 2734 Gesnerus
1800 2679 1991 2751 (praef.
2030 2680 2080 2742 §.
2123 2678 2203 2746 V.)
2241 2677 2408 2729 habet
2462 2676 2624 2727 haecs

418 2764 541 2826 „De
611 2763 812 2815 Codice
874 2764 1130 2816 Biblioth.
1209 2765 1534 2834 Rhedinger.
1614 2768 1829 2818 saeculo
1904 2768 2101 2835 scripto
2166 2766 2307 2816 x1V.
2385 2765 2615 2814 lemma—

419 2850 569 2901 tibus
634 2859 691 2902 et
760 2846 994 2920 capitum
1051 2852 1403 2905 distinctione
1456 2863 1715 2917 carente,
1771 2870 1883 2904 non
1955 2853 2284 2904 audebamus
2336 2851 2616 2919 negotium

415 2939 681 2990 facessere
725 2937 1107 2997 humanissimo
1139 2940 1389 3002 KranziO,
1427 2940 1580 3010 quod
1622 2958 1744 3003 non·
1771 2940 1942 2991 muita
1979 2956 2310 3009 speraremus
2348 2954 2377 2988 a
2413 2936 2618 2999 codice,

416 3027 513 3103 qui
548 3043 647 3077 nos
687 3026 742 3078 in
777 3026 1085 3079 ornithonis
1139 3027 1504 3096 descriptione
1561 3045 1724 3098 quam
1765 3027 2084 3079 submiserat
2144 3043 2312 3077 senex
2350 3025 2611 3095 optimus,

414 3121 470 3164 et
508 3115 693 3184 paucis
734 3114 856 3166 aliis
909 3115 1042 3166 locis
1080 3113 1297 3178 dubiis,
1339 3115 1735 3167 destituisset.“
1780 3115 2138 3185 cfr-,Gesnen
2190 3113 2361 3182 praef.
2425 3111 2466 3183 §.
2510 3111 2607 3162 ΧΑ

409 3200 765 3261 „Asservatur
792 3201 927 3253 alius
969 3197 1193 3253 Palladii
1216 3202 1397 3256 Codex
1412 3194 1478 3254 'in
1510 3203 1647 3254 Bibl.
1671 3201 1994 3270 Rhedinger.
2035 3201 2391 3273 Vratislauiae
2415 3201 2609 3269 (quarn

407 3286 466 3340 in
511 3286 716 3339 Catone
769 3297 823 3340 et
856 3287 1098 3341 Varrone
1148 3291 1254 3340 iam
1289 3290 1716 3360 nominauimus)
1773 3291 1829 3340 in
1869 3290 2060 3344 titulos
2114 3288 2341 3351 diuisus,
2378 3302 2609 3356 quorum

413 3383 725 3441 argumenta
763 3392 802 3426 s.
845 3376 1091 3430 rubricae
1128 3378 1483 3447 interpositae
1528 3378 1660 3447 ipsis
1701 3377 1875 3429 titulis
1918 3385 2075 3428 sunta
2118 3392 2318 3427 nomen
2356 3373 2611 3426 scribitur

410 3461 604 3512 Rutilii
646 3470 701 3513 et
738 3463 1091 3516 Aemiliani-ss
1154 3464 1310 3535 Quae
1353 3464 1421 3516 de
1455 3464 1561 3516 hoc
1596 3463 1782 3517 codice
1817 3464 1952 3519 mihi
1990 3462 2217 3517 tradidit
2252 3463 2447 3518 nasius
2482 3468 2611 3511 sunt

386 3545 572 3598 haec:
615 3549 736 3600 Non
777 3558 860 3602 est
883 3550 1036 3604 saec.
1079 3552 1217 3606 xlv.
1276 3551 1372 3603 sed
1405 3552 1558 3604 XV.:
1614 3552 1943 3604 nitidissime
1987 3552 2045 3602 in
2086 3550 2244 3605 Italia
2286 3558 2346 3601 ιιι
2388 3548 2608 3601 uidetur

402 3644 669 3688 exaratus.
763 3639 932 3692 Varro
990 3648 1045 3691 et
1091 3639 1362 3692 Palladius
1415 3639 1608 3691 eadem
1667 3658 1830 3693 manu
1879 3639 2083 3708 scripti,
2123 3639 2269 3692 inter
2310 3644 2605 3705 utrumque

405 3722 696 3775 intercedit
741 3724 874 3778 Cato
914 3727 1022 3780 alia
1059 3727 1277 3785 rudiore
1317 3735 1372 3782 et
1407 3727 1618 3778 iuniore
1651 3743 1832 3781 manu.
1935 3726 2184 3795 Capitum
2222 3726 2606 3796 inscriptiones

399 3809 458 3866 in
498 3827 662 3861 unum
687 3810 946 3864 collectas
982 3800 1091 3865 non
1115 3815 1300 3877 refert,
1337 3814 1463 3865 libri
1500 3822 1712 3867 tantum
1750 3815 1926 3883 spatio
1965 3821 2092 3865 sunt
2128 3813 2381 3882 separati,
2423 3813 2602 3863 minus

401 3899 635 3967 spatium
675 3905 800 3951 ante
832 3898 1131 3952 ‘secundum
1170 3902 1598 3971 uniuscuiusque
1653 3901 1777 3951 libri
1813 3909 1983 3970 caput
2015 3901 2260 3953 relictum
2305 3901 2607 3963 inuenitur,

405 3987 726 4056 ceteroquin
764 3976 834 4039 ne
862 3988 1152 4055 uestigium
1183 3989 1402 4059 quidem
1434 3989 1768 4040 diuisisionis
1811 3988 1867 4039 in
1910 3989 2104 4058 capita.
2137 3987 2402 4056 Singulae
2437 3986 2598 4038 huius

394 4071 593 4123 codicis
632 4074 860 4142 paginae
900 4075 1048 4126 haud
1088 4077 1262 4131 multo
1301 4078 1456 4147 plura
1510 4077 1803 4128 continent
1847 4076 2395 4146 quam'Gryphianae
2422 4075 2598 4147 (anno

397 4157 561 4225 1549)
601 4160 875 4219 editionis.
918 4163 1090 4221 Prima
1125 4162 1288 4221 huius
1325 4163 1446 4217 cod.
1477 4163 1646 4222 uerba
1686 4164 1762 4222 s‘ic
1798 4178 1915 4221 sese
1951 4162 2182 4223 habeut:

3019 2980 3020 3003 ᾼ
3019 2940 3020 2967 u
2990 2473 3021 2909 *dnum-*fi*
2995 2227 3019 2446 ,hu-...244
