3025 4875
1312 381 1687 462 ,-··3-··

402 539 681 609 Palilibus
724 545 1139 615 offerebantur
1183 554 1394 640 (Ouid.
1440 557 1598 621 Fast.
1640 551 1737 637 lv,
1777 559 1935 639 7433
1977 560 2119 650 Plut.
2160 562 2392 629 Romul.
2418 567 2583 647 ΧῙΙ.)

396 655 458 710 et
494 657 771 730 pastores
823 670 942 717 una
1002 675 1135 720 cum
1187 662 1477 743 gregibus
1537 667 1934 745 expiabantur
1988 668 2200 745 (Ouid,
2268 673 2425 737 Fast.
2490 675 2586 755 IV,

397 756 543 820 727.
590 756 712 822 747
753 779 884 842 sqq.
988 766 1166 830 Dion.
1221 769 1407 832 Halic.
1454 769 1498 848 1,
1521 772 1666 847 88.)
1709 790 1828 854 quo
1889 785 2165 857 spectant
2217 782 2444 846 uerba:
2483 792 2590 865 „ut

392 865 510 945 ipsi
567 884 677 948 pro
729 887 800 933 se
856 865 1405 941 sacrificarentur.⁴‘
1506 880 1786 946 Pastores
1850 892 2044 949 autem
2102 891 2473 969 appellantur
2510 887 2588 956 ab

393 972 525 1053 ipso
567 974 842 1042 Varrone
901 982 1004 1061 (ll,
1058 986 1115 1063 1,
1160 989 1230 1061 2)
1282 989 1528 1069 AtticuS,
1573 991 1924 1075 Cossinius,
1980 996 2259 1079 MurriuS,
2302 1001 2585 1082 VacciuS,

394 1098 670 1163 quaeque
714 1086 790 1149 de
838 1089 932 1152 his
975 1091 1137 1155 ualet
1181 1093 1587 1161 denominatio
1633 1117 1756 1163 non
1800 1104 1993 1167 minus
2033 1112 2171 1186 apta
2209 1115 2302 1171 est
2325 1109 2586 1175 Varroni

393 1188 500 1268 (11,
543 1207 794 1271 prooem
840 1197 934 1276 6),
978 1199 1231 1264 Scrofae
1277 1203 1353 1284 (Ι,
1399 1207 1459 1284 2,
1494 1208 1591 1270 11.
1637 1207 1709 1286 ΙΙ,
1748 1208 1809 1288 4,
1851 1210 1947 1289 3.)
1988 1212 2257 1278 Lucieno
2301 1216 2405 1295 (ΙΙ,
2441 1219 2500 1296 5,
2530 1220 2584 1286 1.

383 1302 888 1383 συνηπειραῖται,
932 1324 1082 1388 ergo
1124 1316 1188 1372 et
1232 1311 1364 1390 ipse
1414 1313 1714 1379 Lucienus
1777 1325 1870 1381 est
1911 1326 2119 1399 pastor
2171 1324 2585 1406 semigraecus

390 1405 667 1486 [11‚1,2]
713 1409 822 1472 cfr.
870 1419 1190 1492 praeterea
1235 1415 1306 1495 ΙΙ,
1348 1418 1406 1499 7,
1437 1423 1526 1496 1.)
1570 1422 1690 1501 (Ῑιιίἰ
1718 1440 1929 1487 omnes
1970 1432 2031 1488 et
2073 1430 2391 1508 pecuarias
2433 1446 2587 1510 pos-

388 1514 670 1578 sidebant
709 1523 771 1578 et
807 1523 954 1583 artis
987 1525 1310 1603 pecuariae
1342 1535 1522 1591 erant
1549 1531 1914 1610 peritissimi.
1974 1534 2119 1598 Cum
2159 1553 2310 1600 uero
2350 1543 2588 1601 constet

387 1613 508 1685 una
537 1641 671 1688 cum
698 1630 1047 1714 pastoribus⁴
1066 1649 1292 1714 greges
1335 1652 1576 1717 quoque
1617 1640 1811 1702 sacris
1840 1642 2189 1705 interfuisse
2232 1643 2373 1720 (cfr.
2403 1643 2581 1710 Ouid.

384 1729 426 1792 1.
464 1731 538 1807 1.)
581 1735 761 1797 etiam
831 1734 908 1797 de
949 1735 1089 1799 loco
1115 1783 1134 1816 ,
1205 1755 1323 1818 quo
1368 1740 1633 1805 habitum
1691 1745 1771 1806 sit
1809 1746 2172 1828 colloquium
2217 1747 2357 1811 dum
2404 1766 2582 1814 sacra

397 1846 705 1918 parentur,
741 1843 824 1904 ita
869 1846 986 1907 erit
1025 1846 1424 1926 statuendum,
1468 1856 1532 1912 ut
1574 1865 1762 1931 prope
1800 1859 2053 1936 gregum
2100 1855 2333 1919 stabula
2369 1863 2586 1938 pasto-

384 1960 486 2006 res
537 1947 900 2010 conuenisse
945 1957 1243 2029 putentur,
1286 1971 1441 2033 quae
1480 1972 1584 2017 res
1626 1958 1850 2038 optime
1893 1959 2149 2041 quadrat
2191 1963 2252 2024 in
2299 1962 2435 2027 libri
2478 1982 2587 2027 ar-

383 2058 753 2131 gumentum,
799 2057 962 2138 quod
1004 2065 1099 2121 est
1139 2060 1216 2122 de
1256 2078 1326 2122 re
1366 2066 1692 2142 pecuaria:
1758 2066 1872 2128 nisi
1918 2086 2053 2130 cum
2094 2070 2432 2135 Pontedera
2476 2091 2586 2136 ar-

388 2159 682 2223 bitramur
726 2168 830 2239 „ut
872 2163 1242 2227 disserentes
1290 2166 1367 2228 de
1412 2169 1776 2249 agricultura
1816 2172 1972 2235 libro
2017 2175 2208 2253 primo
2257 2177 2318 2238 in
2366 2177 2580 2242 aedem

388 2255 656 2345 Telluris,
705 2270 781 2331 de
814 2270 953 2331 uilla
974 2277 1170 2332 autem
1213 2271 1368 2335 libro
1391 2277 1572 2337 tertio
1604 2276 1665 2337 in
1695 2277 1891 2340 uillam
1923 2281 2216 2360 publicam
2264 2285 2323 2345 in
2368 2302 2581 2367 campo
2617 2298 2624 2304 '

382 2373 597 2460 Martio
655 2383 1094 2455 conuenerant,
1153 2380 1234 2441 ita
1277 2396 1483 2459 nunc,
1541 2383 1642 2463 qui
1700 2383 1776 2446 de
1822 2402 2053 2465 pecore
2112 2387 2455 2472 loquuntur,
2503 2392 2583 2456 ad

385 2483 541 2546 Palis
586 2484 799 2546 aedem
854 2489 1285 2552 conuenisse.“
1376 2488 1609 2552 Tertius
1651 2491 1839 2571 liber,
1885 2496 1985 2575 qui
2037 2500 2131 2558 est
2178 2497 2256 2559 de
2293 2499 2584 2564 villaticis

372 2591 760 2670 pastionibus
804 2592 884 2673 (Ι,
934 2597 986 2672 1,
1037 2597 1166 2671 11.)
1210 2612 1527 2659 sermones
1570 2600 1868 2680 continet,
1915 2618 2068 2681 quos
2135 2604 2376 2671 habitos
2439 2609 2587 2673 facit

378 2697 571 2763 Varro
618 2703 679 2762 in
719 2700 860 2764 uilla
916 2700 1046 2778 (ΙΙΙ,
1093 2703 1152 2780 2,
1201 2703 1290 2780 1.)
1352 2702 1535 2785 idque
1609 2712 1818 2793 aperto
1889 2711 2147 2773 consilio
2200 2720 2292 2775 est
2334 2712 2580 2778 institu-

384 2812 533 2868 tum:
579 2815 810 2887 tempus
836 2814 1035 2870 autem
1078 2809 1219 2871 huic
1249 2806 1553 2892 colloquio
1586 2818 2058 2880 consentaneum
2102 2836 2224 2883 non
2266 2823 2580 2886 inuenisse

380 2912 635 2977 uidetur.
719 2915 1002 2977 Attamen
1033 2917 1290 2980 uidimus
1316 2917 1669 2997 Varronem,
1710 2928 1992 3001 quantum
2038 2928 2169 2990 eius
2210 2929 2342 2992 fieri
2365 2931 2577 3010 potuit,

378 3027 735 3100 tempora
780 3029 843 3085 et
884 3021 1067 3084 loca
1110 3023 1185 3084 ad
1233 3025 1323 3085 rei
1364 3026 1663 3088 rationem
1690 3032 2208 3096 accommodasse.

573 3128 768 3190 Venio
817 3127 893 3190 ad
937 3145 1342 3209 personas
1381 3131 1596 3211 quibus
1633 3133 1694 3195 hi
1740 3136 1877 3198 libri
1922 3147 2060 3201 sunt
2106 3141 2398 3223 inscripti.
2443 3142 2578 3205 Pri-

373 3254 506 3298 mus
572 3236 649 3299 de
713 3237 1076 3317 agricultura
1129 3238 1286 3300 liber
1338 3238 1416 3302 ad
1482 3238 1861 3304 Fundaniam
1916 3261 2165 3309 uxorem
2233 3254 2329 3310 est
2372 3248 2570 3330 datus,

375 3346 546 3408 cuius
590 3345 815 3407 nomini
855 3345 1034 3426 {imdi
1095 3346 1453 3409 uocabulum
1512 3349 1791 3445 consulto
1857 3352 1952 3414 bis
1994 3354 2188 3435 iungit
2225 3354 2430 3419 Varro'
2464 3358 2570 3437 (ΙΙ.

369 3470 642 3535 prooem.
662 3453 724 3516 6.
764 3461 1050 3535 „propter
1072 3456 1202 3519 eius
1229 3454 1538 3518 fundum.“
1567 3455 1614 3531 1,
1645 3459 1699 3536 1,
1735 3459 1786 3519 1.
1831 3462 2160 3540 „quoniam
2202 3466 2400 3529 emisti
2424 3468 2567 3531 fun-

373 3562 602 3636 dum“.)
646 3566 710 3623 ut
754 3563 977 3625 sentiat
1015 3562 1210 3625 lector
1250 3579 1383 3624 eam
1427 3578 1583 3641 quae
1627 3563 1783 3625 inter
1826 3564 2070 3631 fundum
2115 3575 2177 3630 et
2199 3570 2570 3637 Fundaniam

367 3669 690 3732 intercedit
763 3667 1227 3733 similitudinem.
1347 3669 1440 3737 De
1502 3668 1949 3733 Fundaniorum
2024 3672 2248 3735 familia
2310 3677 2563 3753 posthac

365 3793 558 3856 pauca
601 3783 777 3839 erunt
820 3775 1096 3837 dicenda.
1184 3775 1799 3840 Animaduertendum
1845 3785 2042 3841 autem
2090 3786 2184 3843 est
2227 3780 2560 3847 Varronem

365 3882 449 3945 ita
491 3900 619 3945 rem
665 3883 998 3959 instituere,
1042 3878 1215 3962 quasi
1257 3881 1359 3961 qui
1419 3897 1599 3944 omne
1645 3899 1799 3963 opus
1840 3883 2188 3950 Fundaniae
2230 3890 2375 3953 uelit
2417 3909 2559 3955 esse

359 3980 686 4073 proprium,
732 3992 815 4053 ait
855 3991 1047 4052 enim:
1112 3991 1190 4068 (l,
1240 3992 1298 4070 1,
1341 3991 1438 4069 4.)
1483 3993 1813 4071 „quocirca
1856 3994 2119 4058 scribam
2155 3997 2266 4062 -tibi
2309 4006 2435 4062 tres
2479 4001 2558 4065 li-

361 4098 508 4160 bros
545 4095 824 4161 indices“
868 4104 928 4160 et
971 4098 1147 4174 (ibid.
1193 4109 1232 4176 ς
1280 4099 1415 4175 11.)
1473 4114 1632 4180 „quo
1677 4099 1921 4164 breuius
1977 4101 2055 4164 de
2105 4120 2180 4166 ea
2246 4122 2317 4167 re
2360 4122 2555 4171 conor

359 4202 549 4268 tribus
590 4204 761 4268 libris
804 4219 1131 4285 exponere,
1169 4220 1292 4267 uno
1336 4203 1416 4268 de
1459 4206 1847 4297 agricultura,
1883 4209 2078 4275 altero
2111 4209 2189 4273 de
2229 4227 2300 4274 re
2326 4230 2552 4294 pecua-
