3025 4875
1246 325 1495 387 -27
1582 356 1674 377 —.

367 515 502 565 culis
543 514 740 565 litteris
800 520 856 565 et
912 513 1086 568 rubris
1143 521 1225 564 est
1282 522 1513 565 exarata.
1612 512 1727 563 Hoc
1782 513 1839 563 in
1886 510 2121 562 secundo
2160 508 2300 562 libro
2337 511 2563 561 lacunae

368 610 474 653 tres
518 602 878 670 reperiuntur.
932 602 1170 652 ‘Lemma
1195 599 1593 652 ‘tandemjibri
1617 597 1778 651 ,tertii
1819 599 1953 648 haec
1990 596 2196 648 habet:-
2234 598 2306 648 M.
2346 597 2559 647 Teren·

368 689 431 740 tii
471 688 726 739 Varronis
766 703 937 737 rerum
979 686 1297 738 rusticarum·
1348 687 1417 738 de
1472 687 1741 738 Villaticis
1787 684 2126 737 pastionibus
2183 683 2325 733 liber
2365 684 2559 737 tertius

369 775 604 826 feliciter
639 775 849 842 incipit.
925 774 1084 825 Liber
1136 776 1253 843 ipse
1319 775 1394 824 ita
1432 773 1663 825 desinit:
1723 773 1800 824 De
1839 773 2086 825 pastione
2120 771 2374 822 Villatica
2412 788 2552 821 sum-

367 864 550 914 matim
574 862 678 912 boc
715 860 865 931 quod
903 862 1128 930 exposui
1170 860 1388 911 habeto.
1428 862 1490 911 In
1531 875 1595 911 eo
1639 862 1865 910 lacunae
1888 857 2129 928 quinque
2165 874 2337 928 prope
2380 845 2557 910 finem.

370 951 587 1001 Poste-⁶1⁸:
629 949 699 1000 M.
746 949 992 999 Terentii
1023 948 1279 998 Varronis
1321 964 1494 998 rerum
1537 948 1847 998 rusticarum
1890 947 1957 996 de
1983 946 2253 998 villaticis
2297 944 2561 1011 pastioni·

368 1037 472 1088 bus
512 1033 656 1087 ‘liber
696 1035 1163 1103 tertiusxexplicit.
1197 1035 1376 1085 Finia—
1432 1035 1624 1085 Stalim
1660 1035 1948 1102 sequitur:
1982 1033 2258 1100 Incipiunt
2301 1030 2562 1080 Rubi-icae

373 1124 616 1175 eiusdem
656 1122 848 1191 Operis
884 1139 1025 1191 quae
1067 1122 1237 1173 ueluti
1278 1123 1451 1190 capita
1474 1124 1762 1173 continent
1804 1138 1999 1183 rerum,
2033 1120 2103 1170 de
2144 1117 2343 1187 quibus
2365 1119 2566 1168 Auctor

365 1212 600 1263 disserit.
688 1210 872 1261 Codex
927 1210 1132 1277 optime
1185 1211 1416 1278 scriptus
1470 1217 1527 1260 et
1591 1209 1887 1275 eleganter.
1983 1206 2325 1277 Quadratum
2360 1206 2565 1274 primae

362 1300 603 1368 paginae
661 1304 836 1348 totum
902 1313 1124 1347 aureum
1165 1304 1279 1357 est,
1317 1297 1370 1346 in
1421 1313 1531 1365 quo
1571 1296 1865 1346 maiuscula
1907 1295 2089 1346 littora
2128 1293 2340 1361 egregie
2378 1292 2570 1342 multis

366 1384 642 1435 coloribus
697 1384 1029 1452 conspicitur
1081 1382 1370 1434 delineata.
1464 1383 1598 1434 Cum
1659 1381 1729 1433 ad
1784 1389 2080 1432 extremum
2135 1380 2297 1440 huius
2333 1380 2564 1447 paginae

366 1472 593 1523 limbum
634 1471 917 1522 circularis
947 1471 1148 1537 figurae
1190 1455 1388 1521 laini‘na
1417 1487 1579 1524 aurea
1624 1471 1861 1536 effulget,
1903 1470 2213 1538 praeferens
2240 1465 2563 1517 craticulam

364 1558 697 1628 gentililium
740 1539 954 1624 Insigne
995 1553 1418 1620 Malatesteum,'
1456 1564 1531 1608 et
1566 1556 1724 1622 siglas
1784 1556 1856 1605 Μ.
1899 1554 1966 1606 Ν.
2013 1564 2124 1606 tum
2162 1554 2566 1604 idem-stemma

370 1646 672 1713 elegantius
710 1639 903 1694 uisitu‘r
943 1642 1012 1693 ad
1047 1644 1246 1694 calcem
1287 1643 1757 1712 paginaefprimae
1799 1642 1989 1711 Operis
2031 1643 2103 1692 M.
2140 1641 2386 1692 Terentii
2427 1639 2559 1690 Var-

373 1732 520 1782 ronis
559 1744 736 1780 rerum
782 1730 1155 1780 rusticarum.“
2137 1743 2148 1749 ⁴

569 1813 648 1865 De
681 1814 784 1864 hoc
808 1815 1006 1865 Codice
1051 1815 1347 1867 Pontedera
1389 1816 1442 1885 1)
1491 1816 1548 1867 in
1578 1816 1800 1884 Antiqq.
1840 1831 2012 1866 enarr.
2044 1814 2210 1883 Epist.
2238 1809 2330 1863 111.
2391 1830 2444 1882 p.
2466 1812 2569 1864 25:

372 1899 543 1965 „Cum
586 1901 855 1951 Caesenae
899 1903 952 1952 in
1000 1903 1338 1953 Bibliotheca
1381 1903 1604 1953 fratrum
1643 1911 1718 1953 ut
1766 1911 1964 1952 uocant
2003 1902 2274 1952 Minoi-um
2315 1901 2569 1951 Conuen-

376 1989 605 2042 tualium
650 1975 910 2040 custodiri
962 1989 1202 2042 codicem
1255 1992 1347 2060 qui
1389 1990 1454 2041 de
1496 1992 1812 2042 victoriano
1875 1990 1973 2040 illo
2012 1984 2310 2058 (Marciano
2347 1989 2573 2040 Floren-

375 2076 514 2146 tino)
555 2075 856 2146 exscriptus
916 2076 1208 2141 ferebatur,
1250 2078 1618 2147 accepissem,
1648 2094 1745 2145 per
1782 2077 1979 2127 amicos
2017 2076 2219 2138 curaui,
2264 2084 2321 2130 ut
2363 2089 2570 2143 eorum,

376 2180 516 2232 quae
554 2162 722 2218 dubia
760 2170 856 2212 aut
892 2163 1117 2216 obscura
1154 2163 1443 2226 habebam,
1485 2155 1793 2233 exemplum
1837 2165 2188 2214 remitterent
2193 2171 2228 2198 “
2272 2164 2418 2214 Haec
2454 2164 2570 2234 ipsa

374 2249 712 2302 Pontederae.
755 2248 918 2299 uerba
977 2250 1162 2301 laudat
1197 2250 1529 2301 Macciolol.
1565 2253 1602 2301 l.
1649 2253 1705 2317 2)
1754 2252 1805 2300 in
1852 2252 2041 2319 Epistt.
2088 2266 2147 2299 ac
2159 2247 2420 2301 dissertt.
2463 2266 2570 2317 po-

374 2344 551 2387 stum..
568 2353 656 2404 ap.
726 2334 980 2385 Selineid.
1018 2334 1110 2386 1V.
1167 2354 1221 2404 p.
1259 2345 1400 2404 post.
1466 2335 1767 2400 „Carolus
1789 2336 2071 2387 Antonius
2107 2336 2309 2396 Serra,
2334 2334 2570 2385 medicus

373 2423 658 2485 Caesenas,
702 2423 907 2497 multa,
947 2422 1012 2473 de
1068 2423 1267 2494 quibus
1311 2427 1541 2492 'rogatus
1583 2425 1780 2488 fuerat,
1836 2442 1903 2475 ex
1959 2422 2201 2491 antiquis
2249 2421 2570 2473 membranis

373 2528 512 2580 quae
565 2511 710 2580 apud
766 2511 977 2560 Fratres
1032 2508 1093 2560 D.
1148 2509 1418 2570 Francisci
1479 2510 1753 2578 Caesenae
1794 2509 2185 2563 custodiuntur
2225 2509 2565 2562 Pontede'rao

377 2580 773 2667 transcripsit.“

765 2719 904 2813 XII.
991 2713 1151 2781 Cod.
1201 2713 1306 2781 St.
1350 2688 1783 2799 Βεράναίαε.

482 2896 487 2897 ⁷
567 2842 795 2903 Ponted.
834 2834 1042 2918 antiqu.
1087 2843 1240 2899 1740.
1280 2865 1335 2916 p.
1375 2847 1461 2899 25.
1509 2847 1691 2909 „Dedi
1731 2863 1946 2916 operam
1988 2854 2047 2898 ut
2083 2845 2346 2897 nonnulla
2384 2844 2438 2916 (e
2476 2862 2569 2894 co-

372 2934 515 3005 dice)
555 2936 650 3004 qui
691 2936 758 2986 ad
798 2936 850 2985 S.
892 2937 1190 3018 Reparatae
1227 2884 1536 2986 asseruatur
1589 2927 1721 2983 mihi
1761 2936 2055 2985 Florentia
2075 2951 2171 3003 per
2209 2934 2358 2983 Hier.
2397 2935 2569 3011 Lago·
2582 2993 2590 3001 ⁸

371 3023 681 3077 marsinium
712 3021 1237 3072 transmitterenturst
1224 3027 1259 3053 “
2299 3033 2303 3040 ·

562 3108 623 3158 Iu
675 3108 922 3175 epistolis
975 3124 1051 3157 ac.
1093 3107 1325 3157 dissertt.
1385 3106 1648 3176 postumis
1711 3122 1870 3175 saepe
1910 3124 1940 3157 a
1983 3077 2281 3156 Pontedera
2320 3106 2375 3157 in
2420 3122 2571 3164 usum
2633 3164 2636 3167 Δ

378 3185 602 3235 uocatur
637 3177 728 3229 hic
766 3178 955 3228 codex.

771 3302 938 3369 XIII.
1012 3294 1586 3391 Vindobonensis,
1613 3299 1758 3361 olim
1806 3294 2385 3381 HohendorfianuS.

548 3428 710 3485 Bibl.
751 3395 1196 3487 Hohendorfiana
1237 3445 1288 3495 p.
1325 3427 1448 3482 235.
1508 3428 1632 3478 Mss.
1682 3428 1751 3478 in
1767 3425 1981 3483 Folio:
2033 3428 2143 3488 „.M
2197 3428 2276 3478 Τ.
2311 3426 2580 3483 Varronis

374 3523 429 3566 et
471 3514 536 3564 L.
568 3514 604 3566 1.
643 3515 978 3566 Columellae
1017 3514 1086 3566 do
1128 3516 1200 3568 Re
1237 3516 1453 3566 Rustica
1489 3514 1675 3566 liber.
1702 3516 1801 3568 Ms.
1843 3531 1932 3565 sur
1985 3515 2164 3576 vit-lin,⁸
2194 3515 2338 3566 e'crit-
2362 3531 2431 3566 en
2468 3516 2574 3575 let·

374 3611 483 3655 tres
524 3603 717 3654 rondes
779 3603 911 3653 daus
951 3603 1002 3653 le
1057 3601 1363 3671 quinzieme
1414 3602 1720 3667 εἰὲεῐο;,.ἰ1
1772 3618 1810 3669 y
1844 3588 2079 3670 marique
2135 3584 2244 3651 une
2284 3602 2458 3669 partie
2497 3601 2569 3652 du

378 3691 611 3759 premier
648 3691 783 3741 livre
825 3688 1130 3751 deVarron
1170 3691 1312 3768 et-le
1335 3689 1646 3758 Columella
1679 3683 1749 3740 ne
1789 3706 1853 3742 va
1886 3672 2248 3769 que'jusques
2287 3705 2355 3738 au
2397 3696 2580 3739 trente

381 3777 655 3829 troisieme
712 3777 957 3846 chapitre
1001 3778 1073 3828 du
1112 3777 1385 3851 tr'eizieme
1428 3776 1588 3842 livre,
1626 3777 1700 3828 du
1743 3785 1880 3846 reste
1918 3776 1960 3826 il
2000 3785 2083 3828 est
2123 3775 2230 3828 tres
2268 3775 2398 3831 bien
2440 3762 2608 3829 con-'-

378 3866 526 3915 serve.
568 3873 623 3941 et
668 3866 871 3917 enrichi
912 3865 980 3920 de
1022 3847 1209 3917 lettres
1247 3865 1484 3916 initiales
1516 3866 1703 3919 (Ιοτέεε
1742 3874 1795 3917 et
1837 3864 1902 3915 de
1930 3866 2194 3956 quelques
2222 3863 2573 3940 annotations

381 3938 658 4017 scavantes
696 3967 797 4003 sur
824 3954 875 4003 le
899 3955 1130 4022 premier
1170 3954 1299 4005 livre
1327 3954 1396 4005 de
1417 3954 1741 4020 Celamelle3
1785 3954 1944 4004 relies
1969 3970 2040 4041 en
2077 3952 2361 4033 maroquin
2399 3966 2568 4018 rouge

376 4039 506 4097 doro'
542 4047 600 4089 et
637 4039 845 4090 marbre
886 4058 975 4091 sur
1016 4041 1257 4092 tranche.
1262 4048 1299 4076 ‘⁶
1791 4026 1795 4031 ⁵

570 4142 893 4231 Eutlliclier,
926 4135 1095 4221 ‘catal
1130 4143 1265 4197 bibl.
1305 4142 1552 4237 vindob...
1587 4163 1636 4215 p·
1671 4145 1758 4196 32·
1834 4141 2054 4225 ’'LXIV.
2100 4110 2175 4256 ·u
2197 4105 2436 4257 ῗ322

2387 4141 2578 4223 Codex
