3025 4875
1623 105 1716 240 2:
1871 133 2060 326 {fist
2189 103 2468 274 ΗᾸ
2514 139 2584 278 [c
2623 131 2837 302 ''lsi‘l

2486 783 2838 960 lff‘quff.

2477 1131 2588 1244 Η
2623 1147 2689 1264 fl
2733 1165 2787 1254 l:
2857 1223 2872 1272 ,

553 1370 847 1438 Varronis
903 1373 1128 1453 scripta
1186 1388 1323 1436 cum
1387 1388 1467 1436 eo
1529 1374 1900 1454 potissimum
1949 1373 2208 1439 consilio
2257 1372 2548 1456 perlege-

356 1496 507 1559 rem,
548 1485 614 1542 ut
652 1480 987 1544 inuenirem
1014 1480 1177 1561 quod
1221 1498 1357 1544 oum
1404 1481 1628 1563 linguis
1647 1489 2065 1565 ¹cognatarum
2105 1483 2370 1565 gentium
2415 1481 2550 1544 ool-

357 1588 540 1651 latum
580 1594 759 1670 atque
802 1604 1008 1650 earum
1051 1603 1167 1667 ope
1212 1586 1562 1649 illustratum
1594 1588 1902 1651 scribendi
1947 1593 2358 1670 argumentum
2401 1603 2554 1667 sup-

356 1696 660 1777 peditaret
700 1729 786 1745 --
833 1711 870 1756 e
909 1694 1120 1758 Latino
1168 1695 1330 1756 enim
1374 1711 1588 1774 campo
1633 1694 1889 1757 fructum
1938 1695 2269 1775 decerpere
2310 1701 2441 1757 erat
2488 1696 2551 1757 in

354 1805 517 1868 uotis
559 1840 641 1852 —
686 1820 941 1885 cumque
985 1811 1123 1885 post
1163 1804 1618 1885 grammaticum
1659 1803 1919 1866 hominis
1957 1801 2551 1885 ,πολυγραφωτάτου

360 1927 512 1990 opus
555 1909 632 1972 ad
672 1908 861 1972 libros
905 1910 981 1973 de
1039 1929 1107 1973 re
1169 1911 1395 1973 rustica
1438 1911 1809 1988 deuenirem‚
1854 1907 2076 1972 accidit
2119 1916 2183 1971 ut
2223 1908 2301 1971 de
2342 1925 2555 1990 gram-

360 2021 584 2082 matica
625 2021 914 2095 materia,
955 2038 1129 2102 quam
1178 2020 1466 2102 eligerem
1492 2066 1511 2098 ‚
1555 2020 1752 2083 adhuc
1797 2019 2031 2094 dubiuS‚
2072 2018 2134 2079 in
2176 2016 2356 2079 aliam
2397 2016 2554 2078 inci-

364 2126 568 2189 derem
605 2143 779 2206 quae,
821 2127 935 2189 etsi
980 2145 1016 2189 a
1059 2126 1469 2207 grammaticis
1500 2125 1715 2188 studiis
1754 2142 1850 2186 me
1883 2122 2190 2186 abducere
2231 2120 2557 2198 uideretur,

362 2239 562 2294 tamen
605 2233 731 2293 suis
764 2230 1118 2311 quibusdam
1152 2230 1456 2293 illecebris
1502 2230 1578 2293 ad
1609 2228 2046 2293 deflectendum
2076 2229 2369 2291 incitaret.
2412 2229 2559 2316 Sin-

359 2337 573 2418 gulare
616 2337 776 2398 enim
834 2356 930 2400 me
989 2340 1177 2401 movit
1225 2338 1513 2401 Varronis
1561 2338 1906 2414 artificium,
1948 2355 2065 2418 quo
2109 2336 2207 2399 ille
2251 2354 2556 2417 persona-

367 2465 497 2509 rum
543 2449 605 2508 in
647 2447 723 2530 iis
765 2444 935 2508 libris
978 2447 1219 2507 nomina
1258 2445 1441 2507 rebus
1477 2446 1584 2523 ἰὓ),
1631 2444 1708 2507 de
1755 2445 1966 2524 quibus
2011 2444 2347 2524 exponitur,
2391 2444 2559 2505 uisus

364 2561 458 2617 est
502 2556 1000 2617 accommodare:
1048 2555 1227 2634 idque
1269 2570 1346 2616 eo
1379 2554 1596 2634 magis,
1641 2571 1776 2616 cum
1824 2570 1957 2614 eam
1996 2570 2124 2614 rem
2150 2551 2454 2614 Gesnerus
2496 2556 2560 2613 et

364 2662 703 2726 Pontedera
745 2663 863 2738 W)
919 2666 1144 2723 tantum
1205 2676 1331 2721 non
1387 2658 1932 2740 praetermiserint,
1997 2657 2212 2742 reliqui
2254 2660 2557 2740 interpre-

365 2774 459 2830 tes
485 2814 504 2846 ‚
549 2773 829 2848 quantum
870 2764 1150 2848 equidem
1203 2770 1573 2845 compertum
1619 2763 1871 2826 habeam
1902 2810 1921 2843 ,
1966 2780 2215 2844 prorsus
2260 2767 2560 2848 neglexe-

426 2975 480 3041 ι’)
519 2975 764 3027 Similem
794 2977 1092 3026 Varronem
1114 2973 1219 3025 sibi
1257 2973 1534 3053 scripsisse
1573 2973 1747 3040 legem
1786 2973 1844 3024 in
1874 2973 2219 3042 Logistoricis
2254 2974 2557 3042 ingeniose,

573 3078 636 3121 ut
672 3068 891 3130 assolet,
915 3066 1310 3118 demonstrauit
1347 3065 1416 3116 cl.
1452 3064 1779 3117 Bitschelius
1819 3073 1947 3116 ante
1988 3066 2289 3116 scholarum
2327 3066 2561 3118 indicem

562 3178 621 3228 in
644 3177 746 3229 hac
762 3186 945 3230 nostra
966 3177 1323 3231 uniuersitate
1341 3192 1438 3248 per
1455 3192 1664 3228 menses
1678 3176 1935 3229 hibernos
1948 3193 1997 3227 a.
2015 3175 2564 3234 Clolocccxxxxv

173 3267 177 3270 ’
215 3300 240 3339 χ
565 3270 953 3323 habendarum.

403 3365 494 3433 θ’)
531 3365 751 3419 Gesner.
790 3369 1023 3439 (scriptt.
1078 3366 1158 3419 rei
1194 3374 1320 3419 rust.
1353 3365 1518 3446 ἱ1773.
1555 3364 1724 3435 praef.
1767 3364 1793 3437 §
1824 3363 1922 3436 lv)
1962 3356 2362 3430 „cononum-es
2400 3366 2564 3417 etiam

557 3468 616 3511 et
651 3476 906 3529 personas
944 3460 1100 3531 quasi
1129 3459 1244 3511 ludi
1284 3459 1367 3511 sui
1418 3458 1613 3526 deligit
1667 3456 1879 3528 (Varro)
1945 3474 2175 3528 quorum
2235 3460 2455 3511 nomina
2496 3460 2565 3512 ad

567 3565 673 3613 res,
712 3549 785 3601 de
817 3549 1019 3619 quibus
1060 3552 1253 3620 agitur,
1292 3559 1423 3621 apte
1459 3549 1711 3605 cadant-‘⁴
1786 3548 2176 3616 Schneiderus‚
2209 3540 2452 3625 (Scriptt.
2485 3556 2564 3607 rei

466 3684 470 3688 Α
572 3649 705 3694 rust.
755 3641 908 3694 1794.
947 3644 1105 3695 Tom.
1134 3643 1227 3694 1v.
1267 3659 1349 3713 pr.
1388 3650 1530 3712 post.
1568 3659 1623 3711 p.
1648 3641 1741 3713 29)
1782 3658 1812 3692 e
1852 3644 2185 3697 Pontederae
2223 3649 2469 3717 epistolis
2510 3655 2566 3700 et

569 3738 806 3790 dissertt.
851 3747 1087 3808 postum-
1126 3736 1195 3788 ab
1230 3739 1272 3789 1.
1296 3735 1591 3790 A-Bonato
1634 3737 1799 3788 editis
1842 3739 2048 3791 Patauii
2074 3740 2207 3793 1791
2236 3746 2391 3795 affert
2431 3761 2565 3795 con-

561 3832 819 3884 iecturam
856 3835 987 3885 satis
1028 3834 1288 3885 insulsam
1327 3851 1393 3886 ex
1424 3850 1534 3904 qua
1571 3835 1861 3885 Laenatem
1905 3834 2090 3904 (Varro
2128 3854 2168 3887 r.
2213 3855 2254 3888 r.
2295 3836 2362 3902 11,
2404 3841 2451 3903 1,
2495 3840 2563 3911 1.)

560 3923 659 3975 ille
695 3924 884 3977 scribit
936 3943 1033 3996 pro
1086 3926 1358 3990 Maenate,
1411 3942 1523 3996 quo
1559 3926 1755 3977 melius
1790 3927 1998 3978 Laenas
2035 3944 2067 3978 a
2117 3929 2276 3983 laena
2317 3949 2410 3984 seu
2441 3934 2564 3984 lana

571 4016 749 4069 dictus
791 4022 1080 4075 conveniat
1117 4039 1239 4074 cnm
1274 4022 1503 4092 reliquis
1555 4020 1871 4074 nominibus
1913 4022 2116 4090 Vaccii,
2151 4026 2342 4078 Murrii
2382 4028 2565 4098 (quem

562 4128 592 4162 a
652 4128 806 4165 mure
863 4117 955 4168 nel
1006 4117 1221 4170 murino
1279 4117 1462 4170 colore
1507 4131 1708 4168 nomen
1739 4117 2015 4187 accepisse
2051 4121 2296 4189 censet),
2328 4120 2564 4187 Scrofae,

568 4207 764 4260 vituli.

2129 4323 2164 4387 1

1275 4664 1745 4770 572417
