3025 4875
23 3758 84 3817 ”a

26 4037 90 4091 lic.

26 4133 90 4186 di·-

1263 333 1792 419 ...φῖ-..ι’

372 540 690 618 poterunt,
735 533 811 596 ita
851 532 1012 614 quati
1054 532 1316 612 debent,
1357 537 1421 593 vt
1519 537 1803 612 poterunt
1858 532 1940 593 lta
2005 527 2166 612 quati
2234 527 2488 611 debent,
2516 538 2583 596 ut

333 644 667 706 —arundine
712 642 909 722 potius
956 659 1132 722 quam
1196 640 1425 721 pertica

376 752 685 814 feriantur.
727 752 978 831 gravior
1020 748 1189 811 enim
1248 746 1425 828 plaga

374 858 673 921 medicum
722 859 974 940 quaerit.
1030 856 1142 930 Qui
1185 856 1428 935 quatiet,

373 984 455 1028 ne
539 966 859 1052 aduersam
941 963 1177 1026 caedat.
1243 979 1429 1041 saepe

380 1075 541 1138 enim
581 1074 662 1134 ita
707 1089 997 1152 percussa
1041 1071 1177 1133 olea
1222 1086 1428 1132 secum

379 1179 578 1254 defert
606 1163 681 1240 tle
709 1179 937 1243 ramulo
987 1177 1264 1260 plantam.
1312 1193 1430 1257 quo

379 1286 564 1363 facte,
608 1287 858 1348 fructum
905 1287 1177 1348 amittunt
1203 1285 1432 1366 posteri

384 1394 573 1481 anni„
597 1400 658 1455 vt
682 1394 833 1456 haec
857 1412 976 1456 non
1009 1393 1249 1455 minima
1277 1408 1432 1453 eau-

381 1519 472 1580 sa,
509 1503 667 1582 quod
720 1502 941 1564 oliueta
961 1501 1165 1564 dicant
1190 1499 1434 1562 alternis

386 1610 572 1688 annis
629 1626 752 1670 non
798 1608 957 1670 ferre
1018 1608 1281 1685 sructuS‚
1337 1614 1439 1670 aut

381 1731 509 1780 non
560 1732 753 1797 aeque
804 1730 1080 1796 magnos,
1171 1713 1320 1775 Olea
1378 1719 1439 1775 vt

389 1840 656 1904 vuaper
705 1823 865 1885 idem
913 1823 1136 1884 binium
1177 1821 1339 1894 redit
1376 1821 1445 1883 in'

382 1930 603 2013 uillam,
627 1931 738 1992 alia
763 1931 838 1994 ad
862 1931 1057 1993 cibum
1077 1928 1315 2011 eligitur
1333 1933 1439 2007 2³),

389 2038 504 2101 alia
550 2047 616 2101 vt
655 2040 1006 2120 eliquescat,
1054 2055 1128 2100 ae
1175 2057 1298 2102 non
1329 2047 1440 2103 so'-

386 2146 506 2209 lum
549 2165 770 2228 corpus
816 2148 974 2208 intus
1031 2152 1307 2228 ungunt,

605 2478 703 2539 12.
728 2425 735 2434 -
757 2475 1075 2556 arundine]
1115 2470 1457 2538 harundine
1480 2474 1645 2540 Vict.

608 2593 710 2656 14.
754 2595 994 2670 caedat]
1041 2593 1255 2657 caedet
1292 2592 1455 2656 Vrat.

598 2708 818 2794 desert]
855 2711 1102 2793 profert
1143 2711 1306 2774 lens·

595 2831 727 2888 iem.
753 2827 888 2889 Ald.

602 3056 885 3118 dieantur
910 3059 1073 3120 lens·
1114 3059 1251 3121 Ald.

1512 639 1823 702 *arundine
1878 646 1960 716 ¹²)
2029 640 2224 719 potius
2264 642 2345 716 1³)
2409 658 2584 722 quam

1529 749 1755 828 pertica·
1788 746 2110 809 feriantur:
2148 750 2398 828 grauior
2425 750 2584 811 enim

1530 855 1708 937 plaga
1769 854 2065 918 medicum
2133 857 2384 937 quaerit.
2472 857 2587 931 Qui

1533 964 1871 1043 quatiet‚ne
1893 963 2210 1026 adversam
2233 963 2474 1027 caedat:
2504 967 2586 1041 ¹4)

1532 1087 1716 1149 saepe
1780 1072 1940 1132 enim
2010 1073 2094 1133 ila
2155 1077 2238 1150 15)
2297 1089 2590 1151 percussa

1534 1177 1670 1239 olea
1727 1195 1934 1241 seeum
1981 1177 2178 1241 defert
2225 1180 2307 1255 ¹⁶)
2368 1179 2447 1240 de
2484 1197 2594 1242 ra-

1533 1284 1694 1346 mulo
1766 1284 2026 1365 plantam
2093 1291 2173 1363 ¹⁷)
2250 1304 2369 1367 quo
2429 1289 2588 1349 facto

1536 1393 1791 1456 fructum
1836 1394 2106 1456 amittunt
2149 1396 2378 1474 posteri
2428 1396 2589 1457 anni·

1536 1500 1663 1562 Nec
1714 1503 1796 1577 1⁸)
1855 1499 2012 1563 haec
2082 1502 2325 1564 minima
2386 1520 2593 1580 causa,

1541 1607 1702 1687 quod
1745 1607 1969 1668 oliueta
2027 1607 2231 1671 dicant
2278 1615 2359 1686 ¹0)
2408 1610 2597 1672 alter-

1543 1720 1637 1776 nis
1684 1716 1858 1778 annis
1890 1730 2011 1777 non
2057 1715 2218 1777 ferre
2262 1715 2595 1793 fructusw)

1544 1828 1645 1884 aut
1684 1838 2043 1903 non-aeque
2085 1840 2363 1905 magnos,
2441 1824 2592 1886 Olea

1542 1934 1606 1990 ut
1676 1946 1794 1991 uua
1853 1947 1963 2009 per
2023 1930 2181 1993 idem
2237 1931 2458 1995 biulum
2507 1938 2593 2010 21)

1541 2035 1702 2098 redit
1745 2042 1831 2115 22)
1875 2038 1934 2098 in
1974 2038 2200 2117 uillam,
2242 2039 2357 2101 alia
2386 2038 2464 2101 ad
2507 2040 2600 2101 ci·

1474 2200 1479 2206 ,
1543 2143 1707 2222 bum,
1749 2144 1863 2206 alia
1899 2150 1966 2206 ut
1994 2145 2326 2226 eliquescat
2354 2165 2427 2208 ae
2472 2165 2597 2210 non

1542 2251 1735 2312 solum
1783 2267 2004 2332 corpus
2032 2254 2188 2315 intus
2231 2260 2457 2335 ungunt
2488 2256 2597 2336 2³⁸),

1819 2475 1913 2540 13.
1939 2480 2163 2559 potius]
2189 2479 2409 2560 pocius
2437 2483 2600 2547 Vrat‘.

1674 2594 1769 2655 15.
1816 2595 1923 2672 ita]
1970 2613 2092 2659 om.
2136 2598 2300 2662 Vrat.
2504 2602 2599 2664 16.

1494 2708 1594 2774 17.
1639 2713 1927 2797 plantam]
1964 2713 2183 2793 planta
2228 2713 2392 2780 Vrat.
2434 2733 2599 2798 par-

1019 2828 1116 2890 18.
1159 2830 1302 2911 nec]
1347 2846 1461 2889 nec
1483 2827 1601 2890 hoc
1640 2846 1763 2890 non
1786 2829 1950 2895 Vrat.
1987 2847 2101 2893 neo
2127 2832 2276 2896 vict.
2303 2835 2370 2898 4.
2419 2835 2602 2899 codd.

594 2942 860 3019 Floreat.
921 2944 1057 3007 cod.
1101 2944 1410 3007 Caesenas
1450 2944 1524 3021 *J
1567 2950 1637 3006 ut
1672 2945 1831 3007 lens,
1876 2947 2014 3012 Ald.

1426 3060 1528 3122 20.
1573 3061 1823 3136 fructus]
1864 3062 2132 3141 fructum
2162 3061 2350 3128 V‘rat„
2500 3070 2602 3130 21.

600 3169 846 3246 binium]
891 3169 1140 3232 biluium
1183 3171 1349 3234 Polit.
1377 3175 1433 3235 2.
1463 3174 1726 3236 Florent.
1770 3177 1909 3254 **).

599 3283 685 3347 dit
713 3287 874 3348 Vrat.
920 3286 1077 3348 sedit
1104 3285 1278 3354 Vind.
1325 3285 1483 3350 cedit
1520 3289 1678 3352 lens.

2228 2950 2327 3014 19.
2371 2951 2597 3030 dicant]

2079 3179 2182 3241 22.
2232 3178 2412 3255 redit]
2455 3179 2606 3241 red·

1852 3289 1955 3355 23.
2007 3289 2270 3374 eligitur]
2312 3296 2605 3358 reddatur

592 3402 755 3465 Vrat.
797 3401 1077 3464 laedatur
1121 3402 1281 3466 Vict.
1327 3410 1445 3485 opt.
1494 3402 1735 3467 ledatur
1793 3407 1918 3470 Pol.
1971 3410 2025 3469 1.
2068 3409 2218 3472 Cod.
2262 3412 2346 3474 St.
2393 3412 2602 3492 Repa-

594 3525 786 3581 ratae.
831 3519 1083 3582 Caesen.
1144 3521 1379 3600 leyatur
1444 3521 1572 3583 Pol.
1615 3524 1674 3584 2.
1741 3524 2003 3588 vindob.
2074 3526 2356 3590 Venetus.
2417 3529 2602 3592 datur

594 3637 760 3697 lens.
810 3633 993 3713 ἥθ’).
1040 3647 1194 3714 (om.
1260 3637 1499 3718 eligitur
1540 3638 1731 3716 Scal.)

1943 3638 2042 3705 24.
2103 3644 2364 3732 unguat]
2411 3650 2600 3728 unqu!

597 3754 771 3833 Vrat.
831 3752 971 3817 edd.
1023 3759 1162 3816 ante
1217 3754 1380 3819 Vict.
1424 3755 1616 3841 (lens.
1647 3755 1839 3834 Atat).

500 4008 556 4081 ⁴*)
595 4013 817 4064 Ponted.
856 4015 1073 4085 epistol.
1114 4024 1170 4068 et
1219 4016 1453 4070 dissertt.
1490 4026 1725 4088 postam.
1764 4016 2023 4073 Schneld.
2054 4016 2140 4073 lV.
2166 4040 2222 4092 p.
2254 4029 2395 4093 post·
2459 3994 2466 3999 ⁵

468 4103 555 4173 ⁸)
599 4106 822 4158 Ponted.
862 4109 898 4158 1.
946 4109 978 4159 l.

426 4196 541 4270 ⁴³⁸³)
586 4201 685 4252 Hie
721 4218 941 4273 quoque
982 4203 1217 4256 litteram
1256 4203 1298 4255 L
1335 4206 1748 4260 erl-oritanum
1787 4203 2001 4261 dedisse
2042 4216 2196 4278 puto.

2149 4315 2193 4386 2
