3025 4875
1303 315 1731 376 ,κα-

457 495 570 572 ria,
614 495 790 557 tertio
835 493 913 556 de
938 493 1214 557 uillaticis
1249 494 1686 574 pastionibuS.“
1730 496 1944 557 Postea
1982 501 2182 556 tamen
2227 499 2456 559 mutato
2503 486 2696 559 con-L

453 598 613 677 silio,
659 600 1000 679 neutiquam
1027 618 1175 664 uero
1213 602 1509 663 correctis
1548 600 1681 662 libri
1729 602 1900 680 primi
1943 600 2148 663 uerbis
2193 604 2463 685 reliquos
2499 606 2652 669 duos

451 708 641 772 libros
669 707 804 771 aliis
848 710 1128 787 personis
1169 707 1491 783 mandauit,
1540 707 1867 769 secundum
1915 707 2207 772 Turranio
2249 710 2458 794 Nigr0‚
2505 712 2648 774 Pin-

448 817 549 877 nio
592 807 847 880 tertium.
949 811 1119 876 Hunc
1176 813 1544 878 Turranium
1600 816 1856 876 eundem
1919 833 2058 878 esse
2121 824 2263 898 puto
2330 826 2532 899 atque=
2575 822 2644 883 D.

446 925 795 988 Turranium
861 924 960 1005 qui
1019 921 1578 1002 apud·Ciceronem
1641 924 1751 997 (ad
1797 924 1918 985 Att.
1965 925 2008 998 1,
2054 924 2119 1004 6,
2180 929 2233 987 1.
2279 925 2377 993 ed.
2426 927 2646 1008 Orell.)

446 1036 950 1094 commemoratur
976 1036 1041 1092 ut
1083 1047 1289 1091 comes
1312 1031 1383 1105 Q.
1409 1031 1747 1107 CiceroniS‚
1805 1047 2101 1110 quemque
2142 1031 2217 1094 Μ.
2260 1029 2476 1097 Cicero
2521 1035 2641 1097 ho-

442 1139 663 1200 minem
705 1138 1134 1219 χρηστομαθῆ
1176 1137 1450 1218 appellat.
1498 1138 1817 1200 Praeterea
1856 1142 2198 1204 nominatur
2245 1142 2388 1204 ibid.
2439 1142 2534 1219 Vl,
2579 1144 2642 1223 9,

446 1249 502 1310 2.
550 1245 608 1309 3.
657 1246 778 1322 Vll,
835 1249 887 1322 1,
936 1249 992 1308 1.
1107 1246 1324 1308 Variae
1395 1253 1635 1310 exstant
1677 1248 1939 1312 nominis
1999 1249 2251 1329 formae,
2295 1250 2641 1323 Turranius,

438 1355 830 1432 TurranuiuS,
874 1355 1248 1446 Turannius=
1278 1374 1452 1436 quam
1497 1356 1844 1419 uarietatem
1891 1356 2069 1420 facile
2110 1357 2458 1440 intelligitur
2498 1358 2648 1422 inde·

439 1471 631 1526 ortam
678 1480 840 1540 esse,
888 1464 1047 1544 quod
1091 1465 1411 1545 antiquitus
1455 1464 1710 1527 litteram
1753 1468 2051 1547 geminam
2101 1482 2226 1532 non
2265 1470 2638 1548 scripserunt

439 1572 712 1634 Romani.
754 1555 873 1634 Alii
895 1572 1176 1634 Turannii
1209 1572 1308 1634 hic
1352 1573 1467 1636 illic
1503 1575 1879 1658 reperiuntur
1917 1573 2072 1653 apud
2099 1580 2340 1638 ueteres
2366 1597 2380 1637 ε
2402 1576 2638 1640 Gruteri

441 1667 893 1759 inscriptionum
930 1698 1151 1761 corpus
1190 1682 1479 1761 permulta
1528 1699 1608 1745 ex
1641 1682 1758 1744 hac
1797 1687 1981 1763 gente
2029 1682 2297 1744 continet
2320 1691 2381 1746 et
2421 1685 2639 1748 ,mulie-

439 1804 568 1849 rum
614 1794 675 1848 et
702 1788 963 1851 uirorum
989 1791 1252 1865 nomina,
1293 1790 1566 1870 interque
1609 1806 1692 1862 ea,
1727 1773 1938 1878 nescio
1989 1809 2164 1870 quem
2180 1792 2254 1853 A.
2281 1791 2634 1857 Turranium

434 1894 700 1976 Nigrum.
788 1895 932 1957 Cum
969 1895 1225 1958 secundi
1270 1895 1405 1957 libri
1445 1902 1802 1976 argumento
1849 1897 1960 1957 etsi
2004 1914 2125 1959 non
2170 1899 2449 1979 congruit
2474 1898 2634 1961 Tur-

435 2002 593 2064 ranii
636 2019 897 2064 nomen:
951 2010 1147 2064 tamen
1189 2009 1250 2065 et
1287 2004 1548 2065 amicitia
1589 2003 1911 2085 singularis
1954 2022 2109 2084 quae
2147 2007 2494 2069 intercessit
2533 2008 2634 2069 in-

434 2115 529 2172 ter
569 2110 684 2173 hos
740 2113 909 2175 uiros
970 2118 1030 2173 et
1070 2114 1308 2195 insigne
1371 2111 1630 2175 studium
1682 2114 1772 2200 rei
1815 2100 2164 2193 pecuariae,
2209 2114 2371 2194 quod
2416 2114 2524 2177 fuit
2564 2116 2628 2177 in

433 2219 751 2294 Turranio,
809 2219 1145 2282 Varronem
1188 2225 1617 2298 permouerunt
1672 2224 1737 2281 ut
1793 2219 1955 2280 hunc
1996 2220 2114 2281 sibi
2158 2219 2430 2299 eligeret.
2535 2220 2625 2284 Ita

354 2325 361 2331 ’
433 2326 593 2388 enim
640 2325 1086 2406 quodammodo
1134 2343 1428 2388 excusare
1455 2325 1700 2387 uidetur.
1735 2326 2196 2389 inconstantiam
2226 2327 2625 2408 (11‚prooem.

432 2432 526 2513 6).
570 2434 804 2497 Tertius
858 2434 1012 2496 liber
1051 2437 1150 2514 qui
1190 2442 1284 2497 est
1326 2434 1402 2495 de
1446 2433 1724 2495 uillaticis
1784 2423 2158 2513 pastionibus
2200 2441 2260 2496 et
2303 2435 2629 2516 praecipue

433 2543 513 2606 de
558 2543 769 2605 auibus
832 2540 1152 2619 inscriptus
1198 2546 1290 2600 est
1333 2537 1407 2611 Q.
1454 2536 1704 2614 Pinnio,
1770 2542 1940 2600 cuius
2003 2557 2225 2602 nomen
2282 2541 2424 2621 quin
2468 2539 2625 2602 Var.

430 2650 568 2712 roni
610 2649 691 2710 sit
736 2647 1067 2710 deriuatum
1111 2664 1146 2707 a
1192 2645 1394 2724 pinnis
1457 2662 1582 2707 non
1626 2652 1717 2709 est
1759 2645 2018 2706 dubium.
2105 2646 2371 2710 Pinnium
2420 2655 2483 2710 et
2522 2648 2625 2711 ui-

432 2760 677 2822 cinitate
734 2763 798 2819 et
834 2754 1064 2818 'amore
1123 2756 1237 2818 sibi
1275 2771 1417 2818 esse
1474 2756 1863 2818 coniunctum
1912 2756 2243 2836 ‚uillamque
2302 2754 2636 2837 possidere„

433 2867 576 2930 dicit
618 2864 718 2940 111,
765 2868 833 2943 1,x
859 2863 1063 2926 9.-10.
1158 2863 1363 2942 ltaque
1430 2863 1506 2923 ad
1586 2863 1845 2924 nominis
1908 2863 2406 2943 significationem
2467 2862 2625 2935 aliae

433 2974 808 3038 accedebant
868 2958 1090 3034 causae
1143 2990 1253 3034 cur
1311 2972 1370 3032 ei
1429 2956 1708 3033 mitteret
1743 2971 1955 3032 librum
2023 2973 2280 3033 tertium.
2383 2971 2629 3032 Praeter

364 3145 369 3149 ,
434 3083 770 3147 Varronem
811 3079 970 3142 nulla
1016 3078 1254 3142 uidetur
1293 3085 1534 3141 exstare
1578 3078 1861 3154 Q.Pinnii
1907 3080 2215 3157 memoria,
2267 3078 2490 3140 videsis
2531 3083 2629 3144 ta—

304 3179 312 3184 ’
433 3197 572 3252 men
595 3189 658 3252 T.
687 3189 956 3251 Pinnium
986 3187 1142 3268 apud
1171 3187 1527 3249 Ciceronem
1555 3186 1683 3262 (ad.
1707 3187 1866 3248 Fam.
1900 3186 2169 3263 Xlll‚·6.)
2197 3192 2256 3248 et
2281 3185 2625 3248 Pinniorum

434 3298 893 3376 Pinniarumque
941 3294 1100 3357 haud
1169 3310 1306 3356 rara
1368 3293 1612 3355 nomina
1660 3311 1793 3355 cum
1837 3294 1899 3354 in
1943 3293 2179 3355 Gruteri
2218 3300 2338 3356 tum
2382 3294 2442 3354 in
2487 3293 2627 3356 Mu-

432 3403 646 3468 ratorii
691 3402 1201 3483 inscriptionibus.
1260 3401 1423 3466 Gens
1454 3401 1636 3483 igitur
1680 3399 1884 3463 Pinnia
1930 3399 2088 3463 haud
2140 3401 2399 3465 obscura
2440 3401 2629 3467 fuisse

434 3513 694 3577 uidetur.

637 3619 806 3693 Quos
868 3617 928 3678 in
976 3617 1167 3696 primo
1204 3614 1377 3677 *libro
1439 3613 1858 3695 colloquentes
1924 3612 2068 3676 facit
2105 3588 2298 3675 Varro
2342 3618 2482 3675 sunt
2526 3612 2626 3675 hi:

437 3726 766 3809 Ammius,
810 3724 1056 3804 Ayrius,
1093 3720 1445 3793 Fundanium
1460 3719 1818 3799 ,Fundit-‘m
1861 3720 2046 3800 stole,
2072 3718 2314 3798 Scrofa,
2339 3736 2373 3780 e
2418 3720 2632 3798 quibus
2657 3724 2688 3739 “

439 3835 702 3918 quinque
747 3830 1012 3911 priorum
1053 3830 1296 3892 nomina
1334 3834 1583 3908 apparet
1629 3845 1805 3908 quam
1848 3827 1969 3888 sint
2012 3828 2104 3887 rei
2149 3827 2627 3893 accommodata.

443 3940 597 4019 Quid
638 3941 716 4002 de
755 3937 970 4004 Scrofa
1011 3938 1391 4001 statuendum
1431 3939 1542 4015 sit,
1587 3943 1801 4017 postea
1843 3934 2198 3998 uidebimus.

638 4048 706 4111 P.
747 4045 1051 4128 Ayrasius
1094 4046 1447 4128 publicanus
1486 4063 1682 4127 pauca
1739 4051 1963 4109 tantum
2004 4042 2256 4124 profert,
2306 4061 2421 4125 qua
2466 4043 2530 4105 in
2567 4060 2638 4107 re

443 4161 651 4226 socios
707 4157 891 4221 habet
947 4156 1289 4238 complures
1345 4173 1425 4219 ex
1450 4170 1457 4177 ’
1481 4156 1560 4219 iis
1599 4156 1698 4237 qui
1740 4154 2004 4217 nominis
2061 4170 2274 4232 causa,
2332 4151 2504 4233 quasi
2550 4142 2630 4217 ad
