<?xml version="1.0" encoding="UTF-8"?>
<!DOCTYPE html PUBLIC "-//W3C//DTD XHTML 1.0 Transitional//EN"
    "http://www.w3.org/TR/xhtml1/DTD/xhtml1-transitional.dtd">
<html xmlns="http://www.w3.org/1999/xhtml" xml:lang="en" lang="en">
 <head>
  <title>
</title>
<meta http-equiv="Content-Type" content="text/html;charset=utf-8" />
  <meta name='ocr-system' content='tesseract 3.04.00' />
  <meta name='ocr-capabilities' content='ocr_page ocr_carea ocr_par ocr_line ocrx_word'/>
</head>
<body>
  <div class='ocr_page' id='page_1' title='image "./meletematonvarr00schlgoog_0015.png"; bbox 0 0 3025 4875; ppageno 0'>
   <div class='ocr_carea' id='block_1_1' title="bbox 19 1001 23 1578">
    <p class='ocr_par' dir='ltr' id='par_1_1' title="bbox 19 1001 23 1578">
     <span class='ocr_line' id='line_1_1' title="bbox 19 1001 23 1578; baseline 0 0"><span class='ocrx_word' id='word_1_1' title='bbox 19 1001 23 1578; x_wconf 95' lang='lat' dir='ltr'> </span> 
     </span>
    </p>
   </div>
   <div class='ocr_carea' id='block_1_2' title="bbox 1323 353 1696 411">
    <p class='ocr_par' dir='ltr' id='par_1_2' title="bbox 1323 353 1696 411">
     <span class='ocr_line' id='line_1_2' title="bbox 1323 353 1696 411; baseline 0.003 -20"><span class='ocrx_word' id='word_1_2' title='bbox 1323 353 1696 411; x_wconf 57' lang='lat' dir='ltr'>„q-</span> 
     </span>
    </p>
   </div>
   <div class='ocr_carea' id='block_1_3' title="bbox 367 518 2614 4291">
    <p class='ocr_par' dir='ltr' id='par_1_3' title="bbox 407 518 2614 1250">
     <span class='ocr_line' id='line_1_3' title="bbox 411 518 2608 607; baseline -0.003 -20"><span class='ocrx_word' id='word_1_3' title='bbox 411 532 629 607; x_wconf 80' lang='lat' dir='ltr'>gauter</span> <span class='ocrx_word' id='word_1_4' title='bbox 670 530 733 587; x_wconf 89' lang='lat' dir='ltr'>et</span> <span class='ocrx_word' id='word_1_5' title='bbox 772 524 1295 588; x_wconf 88' lang='lat' dir='ltr'>scite-memoriae</span> <span class='ocrx_word' id='word_1_6' title='bbox 1334 522 1700 602; x_wconf 80' lang='lat' dir='ltr'>prodidisse,</span> <span class='ocrx_word' id='word_1_7' title='bbox 1740 521 1998 592; x_wconf 77' lang='lat' dir='ltr'>illectum</span> <span class='ocrx_word' id='word_1_8' title='bbox 2044 524 2242 581; x_wconf 90' lang='lat' dir='ltr'>tamen</span> <span class='ocrx_word' id='word_1_9' title='bbox 2283 520 2471 581; x_wconf 84' lang='lat' dir='ltr'>nimio</span> <span class='ocrx_word' id='word_1_10' title='bbox 2506 518 2608 580; x_wconf 82' lang='lat' dir='ltr'>fa·-</span> 
     </span>
     <span class='ocr_line' id='line_1_4' title="bbox 414 629 2612 715; baseline -0.003 -19"><span class='ocrx_word' id='word_1_11' title='bbox 414 650 566 696; x_wconf 92' lang='lat' dir='ltr'>uore</span> <span class='ocrx_word' id='word_1_12' title='bbox 602 633 967 715; x_wconf 39' lang='lat' dir='ltr'>,priscorum</span> <span class='ocrx_word' id='word_1_13' title='bbox 1031 632 1108 693; x_wconf 89' lang='lat' dir='ltr'>de</span> <span class='ocrx_word' id='word_1_14' title='bbox 1188 630 1366 694; x_wconf 86' lang='lat' dir='ltr'>simili</span> <span class='ocrx_word' id='word_1_15' title='bbox 1421 633 1672 693; x_wconf 87' lang='lat' dir='ltr'>materia</span> <span class='ocrx_word' id='word_1_16' title='bbox 1743 629 2165 692; x_wconf 71' lang='lat' dir='ltr'>disserentium</span> <span class='ocrx_word' id='word_1_17' title='bbox 2247 629 2307 689; x_wconf 90' lang='lat' dir='ltr'>in</span> <span class='ocrx_word' id='word_1_18' title='bbox 2363 643 2612 692; x_wconf 86' lang='lat' dir='ltr'>errores</span> 
     </span>
     <span class='ocr_line' id='line_1_5' title="bbox 411 734 2612 822; baseline -0.004 -18"><span class='ocrx_word' id='word_1_19' title='bbox 411 741 703 822; x_wconf 87' lang='lat' dir='ltr'>quosdam</span> <span class='ocrx_word' id='word_1_20' title='bbox 745 740 1054 803; x_wconf 86' lang='lat' dir='ltr'>incidisse.</span> <span class='ocrx_word' id='word_1_21' title='bbox 1143 739 1233 800; x_wconf 91' lang='lat' dir='ltr'>De</span> <span class='ocrx_word' id='word_1_22' title='bbox 1276 737 1531 803; x_wconf 82' lang='lat' dir='ltr'><strong>Scrofae</strong></span> <span class='ocrx_word' id='word_1_23' title='bbox 1578 738 1941 818; x_wconf 82' lang='lat' dir='ltr'>cognomine</span> <span class='ocrx_word' id='word_1_24' title='bbox 1983 736 2229 799; x_wconf 83' lang='lat' dir='ltr'>uberius</span> <span class='ocrx_word' id='word_1_25' title='bbox 2273 741 2338 798; x_wconf 88' lang='lat' dir='ltr'>ut</span> <span class='ocrx_word' id='word_1_26' title='bbox 2382 734 2612 797; x_wconf 86' lang='lat' dir='ltr'>assolet</span> 
     </span>
     <span class='ocr_line' id='line_1_6' title="bbox 410 844 2614 927; baseline -0.003 -14"><span class='ocrx_word' id='word_1_27' title='bbox 410 850 656 913; x_wconf 85' lang='lat' dir='ltr'>disserit</span> <span class='ocrx_word' id='word_1_28' title='bbox 707 849 899 911; x_wconf 85' lang='lat' dir='ltr'>Varro</span> <span class='ocrx_word' id='word_1_29' title='bbox 947 847 1047 927; x_wconf 84' lang='grc' dir='ltr'>(ΙΙ,</span> <span class='ocrx_word' id='word_1_30' title='bbox 1094 846 1175 926; x_wconf 64' lang='lat' dir='ltr'>cl„</span> <span class='ocrx_word' id='word_1_31' title='bbox 1203 849 1323 925; x_wconf 81' lang='lat'>1.):</span> <span class='ocrx_word' id='word_1_32' title='bbox 1370 846 1548 909; x_wconf 83' lang='lat' dir='ltr'>aliam</span> <span class='ocrx_word' id='word_1_33' title='bbox 1593 847 1722 908; x_wconf 88' lang='lat' dir='ltr'>eius</span> <span class='ocrx_word' id='word_1_34' title='bbox 1765 845 2024 910; x_wconf 91' lang='lat' dir='ltr'>nominis</span> <span class='ocrx_word' id='word_1_35' title='bbox 2072 844 2367 925; x_wconf 84' lang='lat' dir='ltr'>originem</span> <span class='ocrx_word' id='word_1_36' title='bbox 2408 849 2614 906; x_wconf 88' lang='lat' dir='ltr'>narrat</span> 
     </span>
     <span class='ocr_line' id='line_1_7' title="bbox 407 951 2611 1036; baseline -0.004 -15"><span class='ocrx_word' id='word_1_37' title='bbox 407 957 677 1021; x_wconf 86' lang='lat' dir='ltr'>Macrob.</span> <span class='ocrx_word' id='word_1_38' title='bbox 723 958 845 1022; x_wconf 79' lang='lat' dir='ltr'>Sat.</span> <span class='ocrx_word' id='word_1_39' title='bbox 892 956 939 1034; x_wconf 88' lang='lat'>1,</span> <span class='ocrx_word' id='word_1_40' title='bbox 987 955 1048 1019; x_wconf 87' lang='grc'>6.</span> <span class='ocrx_word' id='word_1_41' title='bbox 1089 967 1143 1036; x_wconf 92' lang='lat' dir='ltr'>p.</span> <span class='ocrx_word' id='word_1_42' title='bbox 1170 956 1289 1020; x_wconf 74' lang='lat'>232</span> <span class='ocrx_word' id='word_1_43' title='bbox 1334 956 1430 1021; x_wconf 86' lang='lat' dir='ltr'>ed.</span> <span class='ocrx_word' id='word_1_44' title='bbox 1476 954 1659 1017; x_wconf 90' lang='lat' dir='ltr'>Zeun.</span> <span class='ocrx_word' id='word_1_45' title='bbox 1704 954 1818 1029; x_wconf 85' lang='lat' dir='ltr'>Qui</span> <span class='ocrx_word' id='word_1_46' title='bbox 1869 952 2024 1033; x_wconf 90' lang='lat' dir='ltr'>apud</span> <span class='ocrx_word' id='word_1_47' title='bbox 2064 953 2421 1014; x_wconf 88' lang='lat' dir='ltr'>Ciceronem</span> <span class='ocrx_word' id='word_1_48' title='bbox 2488 951 2611 1027; x_wconf 81' lang='lat' dir='ltr'>(ad</span> 
     </span>
     <span class='ocr_line' id='line_1_8' title="bbox 407 1051 2610 1145; baseline -0.003 -16"><span class='ocrx_word' id='word_1_49' title='bbox 407 1067 528 1130; x_wconf 86' lang='lat' dir='ltr'>Att.</span> <span class='ocrx_word' id='word_1_50' title='bbox 591 1064 765 1145; x_wconf 86' lang='lat' dir='ltr'>xul,</span> <span class='ocrx_word' id='word_1_51' title='bbox 835 1067 953 1143; x_wconf 80' lang='lat'>21,</span> <span class='ocrx_word' id='word_1_52' title='bbox 1012 1065 1048 1127; x_wconf 93' lang='lat'><strong>7</strong></span> <span class='ocrx_word' id='word_1_53' title='bbox 1060 1051 1341 1142; x_wconf 59' lang='lat' dir='ltr'>§exstat</span> <span class='ocrx_word' id='word_1_54' title='bbox 1394 1061 2003 1126; x_wconf 79' lang='lat' dir='ltr'>Tremellius=Scroia</span> <span class='ocrx_word' id='word_1_55' title='bbox 2061 1060 2252 1142; x_wconf 28' lang='lat' dir='ltr'>buius,</span> <span class='ocrx_word' id='word_1_56' title='bbox 2278 1059 2431 1122; x_wconf 85' lang='lat' dir='ltr'>filius</span> <span class='ocrx_word' id='word_1_57' title='bbox 2470 1076 2610 1122; x_wconf 88' lang='lat' dir='ltr'>esse</span> 
     </span>
     <span class='ocr_line' id='line_1_9' title="bbox 408 1174 1866 1250; baseline -0.001 -14"><span class='ocrx_word' id='word_1_58' title='bbox 408 1174 666 1237; x_wconf 88' lang='lat' dir='ltr'>uidetur.</span> <span class='ocrx_word' id='word_1_59' title='bbox 1707 1244 1714 1250; x_wconf 44' lang='grc'><em>,</em></span> <span class='ocrx_word' id='word_1_60' title='bbox 1859 1201 1866 1206; x_wconf 87' lang='grc'><em>·</em></span> 
     </span>
    </p>

    <p class='ocr_par' dir='ltr' id='par_1_4' title="bbox 402 1278 2612 1583">
     <span class='ocr_line' id='line_1_10' title="bbox 572 1278 2607 1361; baseline -0.003 -14"><span class='ocrx_word' id='word_1_61' title='bbox 572 1280 835 1348; x_wconf 85' lang='lat' dir='ltr'>Secundi</span> <span class='ocrx_word' id='word_1_62' title='bbox 888 1281 1029 1344; x_wconf 91' lang='lat' dir='ltr'>libri</span> <span class='ocrx_word' id='word_1_63' title='bbox 1073 1286 1211 1343; x_wconf 85' lang='lat' dir='ltr'>sunt</span> <span class='ocrx_word' id='word_1_64' title='bbox 1246 1286 1518 1361; x_wconf 69' lang='lat' dir='ltr'>,praeter</span> <span class='ocrx_word' id='word_1_65' title='bbox 1558 1296 1729 1356; x_wconf 88' lang='lat' dir='ltr'>eum,</span> <span class='ocrx_word' id='word_1_66' title='bbox 1792 1296 1967 1361; x_wconf 85' lang='lat' dir='ltr'>quem</span> <span class='ocrx_word' id='word_1_67' title='bbox 2009 1278 2125 1342; x_wconf 89' lang='lat' dir='ltr'>iam</span> <span class='ocrx_word' id='word_1_68' title='bbox 2169 1278 2607 1341; x_wconf 80' lang='lat' dir='ltr'>nominauimus</span> 
     </span>
     <span class='ocr_line' id='line_1_11' title="bbox 405 1383 2608 1470; baseline -0.003 -16"><span class='ocrx_word' id='word_1_69' title='bbox 405 1388 687 1470; x_wconf 83' lang='lat' dir='ltr'>Scrofam</span> <span class='ocrx_word' id='word_1_70' title='bbox 732 1390 866 1470; x_wconf 83' lang='lat' dir='ltr'>(qui</span> <span class='ocrx_word' id='word_1_71' title='bbox 911 1387 984 1467; x_wconf 92' lang='lat'>11,</span> <span class='ocrx_word' id='word_1_72' title='bbox 1025 1383 1086 1466; x_wconf 78' lang='lat'>4,</span> <span class='ocrx_word' id='word_1_73' title='bbox 1122 1387 1187 1451; x_wconf 76' lang='grc'>’1.</span> <span class='ocrx_word' id='word_1_74' title='bbox 1236 1386 1313 1450; x_wconf 87' lang='lat' dir='ltr'>de</span> <span class='ocrx_word' id='word_1_75' title='bbox 1355 1405 1426 1450; x_wconf 89' lang='lat' dir='ltr'>re</span> <span class='ocrx_word' id='word_1_76' title='bbox 1466 1386 1637 1450; x_wconf 87' lang='lat' dir='ltr'>suilla</span> <span class='ocrx_word' id='word_1_77' title='bbox 1694 1389 1960 1468; x_wconf 76' lang='lat' dir='ltr'>exponit,</span> <span class='ocrx_word' id='word_1_78' title='bbox 2001 1389 2240 1450; x_wconf 89' lang='lat' dir='ltr'>ratione</span> <span class='ocrx_word' id='word_1_79' title='bbox 2282 1387 2608 1468; x_wconf 86' lang='lat' dir='ltr'>cognomi-</span> 
     </span>
     <span class='ocr_line' id='line_1_12' title="bbox 402 1493 2612 1583; baseline -0.005 -21"><span class='ocrx_word' id='word_1_80' title='bbox 402 1500 500 1563; x_wconf 90' lang='lat' dir='ltr'>nis</span> <span class='ocrx_word' id='word_1_81' title='bbox 544 1498 778 1575; x_wconf 88' lang='lat' dir='ltr'>habita)</span> <span class='ocrx_word' id='word_1_82' title='bbox 814 1494 1075 1575; x_wconf 76' lang='lat' dir='ltr'>Atticus,</span> <span class='ocrx_word' id='word_1_83' title='bbox 1118 1496 1457 1571; x_wconf 71' lang='lat' dir='ltr'>Cossinim,</span> <span class='ocrx_word' id='word_1_84' title='bbox 1500 1495 1838 1583; x_wconf 40' lang='lat' dir='ltr'>Lucienus.</span> <span class='ocrx_word' id='word_1_85' title='bbox 1869 1494 2148 1558; x_wconf 76' lang='lat' dir='ltr'>Murrius</span> <span class='ocrx_word' id='word_1_86' title='bbox 2170 1541 2189 1574; x_wconf 90' lang='lat'><strong>,</strong></span> <span class='ocrx_word' id='word_1_87' title='bbox 2245 1493 2519 1557; x_wconf 77' lang='lat' dir='ltr'>Vaccius.</span> <span class='ocrx_word' id='word_1_88' title='bbox 2581 1547 2612 1558; x_wconf 83' lang='grc'>,.</span> 
     </span>
    </p>

    <p class='ocr_par' dir='ltr' id='par_1_5' title="bbox 554 1603 2604 1687">
     <span class='ocr_line' id='line_1_13' title="bbox 554 1603 2604 1687; baseline -0 -19"><span class='ocrx_word' id='word_1_89' title='bbox 554 1603 644 1668; x_wconf 79' lang='lat' dir='ltr'>-lli</span> <span class='ocrx_word' id='word_1_90' title='bbox 690 1623 901 1669; x_wconf 90' lang='lat' dir='ltr'>omnes</span> <span class='ocrx_word' id='word_1_91' title='bbox 963 1611 1207 1686; x_wconf 87' lang='lat' dir='ltr'>praeter</span> <span class='ocrx_word' id='word_1_92' title='bbox 1263 1605 1564 1668; x_wconf 81' lang='lat' dir='ltr'>Scrofam</span> <span class='ocrx_word' id='word_1_93' title='bbox 1594 1606 1653 1666; x_wconf 94' lang='lat' dir='ltr'>in</span> <span class='ocrx_word' id='word_1_94' title='bbox 1716 1605 1899 1686; x_wconf 85' lang='lat' dir='ltr'>Epiro</span> <span class='ocrx_word' id='word_1_95' title='bbox 1953 1622 2205 1687; x_wconf 85' lang='lat' dir='ltr'>magnas</span> <span class='ocrx_word' id='word_1_96' title='bbox 2267 1603 2604 1667; x_wconf 87' lang='lat' dir='ltr'>habuerunt</span> 
     </span>
    </p>

    <p class='ocr_par' dir='ltr' id='par_1_6' title="bbox 367 1708 2607 3201">
     <span class='ocr_line' id='line_1_14' title="bbox 399 1708 2605 1796; baseline -0.001 -20"><span class='ocrx_word' id='word_1_97' title='bbox 399 1715 714 1796; x_wconf 88' lang='lat' dir='ltr'>pecuarias</span> <span class='ocrx_word' id='word_1_98' title='bbox 741 1714 1085 1795; x_wconf 81' lang='lat' dir='ltr'>(Epirotici,</span> <span class='ocrx_word' id='word_1_99' title='bbox 1114 1713 1396 1794; x_wconf 47' lang='lat' dir='ltr'>apecuarii</span> <span class='ocrx_word' id='word_1_100' title='bbox 1437 1712 1698 1776; x_wconf 76' lang='lat' dir='ltr'>athletae</span> <span class='ocrx_word' id='word_1_101' title='bbox 1749 1712 1844 1792; x_wconf 76' lang='lat'>111,</span> <span class='ocrx_word' id='word_1_102' title='bbox 1897 1716 1950 1794; x_wconf 90' lang='lat'>1,</span> <span class='ocrx_word' id='word_1_103' title='bbox 1980 1713 2036 1773; x_wconf 78' lang='lat'>2.</span> <span class='ocrx_word' id='word_1_104' title='bbox 2081 1715 2143 1792; x_wconf 87' lang='lat'>5,</span> <span class='ocrx_word' id='word_1_105' title='bbox 2188 1717 2304 1790; x_wconf 85' lang='lat' dir='ltr'>t.]:</span> <span class='ocrx_word' id='word_1_106' title='bbox 2348 1708 2605 1794; x_wconf 67' lang='grc' dir='ltr'><strong><em>χαίρετε</em></strong></span> 
     </span>
     <span class='ocr_line' id='line_1_15' title="bbox 401 1819 2599 1908; baseline -0.002 -23"><span class='ocrx_word' id='word_1_107' title='bbox 401 1824 870 1903; x_wconf 68' lang='grc' dir='ltr'><strong><em>συνὴπειρῶται</em></strong></span> <span class='ocrx_word' id='word_1_108' title='bbox 936 1822 1264 1908; x_wconf 82' lang='lat' dir='ltr'>salutantur</span> <span class='ocrx_word' id='word_1_109' title='bbox 1308 1839 1364 1884; x_wconf 46' lang='lat' dir='ltr'>,a</span> <span class='ocrx_word' id='word_1_110' title='bbox 1420 1821 1745 1898; x_wconf 79' lang='lat' dir='ltr'>Lucieno).</span> <span class='ocrx_word' id='word_1_111' title='bbox 1845 1822 1935 1884; x_wconf 91' lang='lat' dir='ltr'>Ne</span> <span class='ocrx_word' id='word_1_112' title='bbox 1992 1822 2212 1883; x_wconf 84' lang='lat' dir='ltr'>mirere</span> <span class='ocrx_word' id='word_1_113' title='bbox 2270 1821 2454 1901; x_wconf 80' lang='lat' dir='ltr'>igitur</span> <span class='ocrx_word' id='word_1_114' title='bbox 2536 1819 2599 1880; x_wconf 94' lang='lat' dir='ltr'>in</span> 
     </span>
     <span class='ocr_line' id='line_1_16' title="bbox 367 1914 2595 2010; baseline -0.002 -18"><span class='ocrx_word' id='word_1_115' title='bbox 367 1914 675 1992; x_wconf 56' lang='lat' dir='ltr'>&#39;secundo</span> <span class='ocrx_word' id='word_1_116' title='bbox 722 1929 877 1992; x_wconf 92' lang='lat' dir='ltr'>libro</span> <span class='ocrx_word' id='word_1_117' title='bbox 910 1948 1065 2008; x_wconf 90' lang='lat' dir='ltr'>eam,</span> <span class='ocrx_word' id='word_1_118' title='bbox 1111 1947 1286 2010; x_wconf 91' lang='lat' dir='ltr'>quam</span> <span class='ocrx_word' id='word_1_119' title='bbox 1331 1927 1411 1991; x_wconf 83' lang='lat' dir='ltr'>de</span> <span class='ocrx_word' id='word_1_120' title='bbox 1434 1929 1776 1992; x_wconf 87' lang='lat' dir='ltr'>nominibus</span> <span class='ocrx_word' id='word_1_121' title='bbox 1818 1931 1998 2010; x_wconf 79' lang='lat' dir='ltr'>supra</span> <span class='ocrx_word' id='word_1_122' title='bbox 2043 1929 2357 1991; x_wconf 80' lang='lat' dir='ltr'>statuimus</span> <span class='ocrx_word' id='word_1_123' title='bbox 2398 1927 2595 2008; x_wconf 86' lang='lat' dir='ltr'>legem</span> 
     </span>
     <span class='ocr_line' id='line_1_17' title="bbox 395 2036 2600 2121; baseline -0.002 -21"><span class='ocrx_word' id='word_1_124' title='bbox 395 2039 591 2102; x_wconf 89' lang='lat' dir='ltr'>uideri</span> <span class='ocrx_word' id='word_1_125' title='bbox 648 2039 1003 2102; x_wconf 82' lang='lat' dir='ltr'>infractam:</span> <span class='ocrx_word' id='word_1_126' title='bbox 1070 2038 1412 2121; x_wconf 84' lang='lat' dir='ltr'>Epiroticos</span> <span class='ocrx_word' id='word_1_127' title='bbox 1474 2039 1634 2102; x_wconf 88' lang='lat' dir='ltr'>enim</span> <span class='ocrx_word' id='word_1_128' title='bbox 1706 2045 1984 2119; x_wconf 87' lang='lat' dir='ltr'>pastores</span> <span class='ocrx_word' id='word_1_129' title='bbox 2040 2040 2102 2101; x_wconf 94' lang='lat' dir='ltr'>in</span> <span class='ocrx_word' id='word_1_130' title='bbox 2164 2055 2343 2100; x_wconf 91' lang='lat' dir='ltr'>unum</span> <span class='ocrx_word' id='word_1_131' title='bbox 2427 2036 2600 2116; x_wconf 88' lang='lat' dir='ltr'>quasi</span> 
     </span>
     <span class='ocr_line' id='line_1_18' title="bbox 404 2146 2599 2228; baseline -0.001 -19"><span class='ocrx_word' id='word_1_132' title='bbox 404 2165 625 2227; x_wconf 90' lang='lat' dir='ltr'>corpus</span> <span class='ocrx_word' id='word_1_133' title='bbox 674 2148 1150 2228; x_wconf 86' lang='lat' dir='ltr'>comprehensos</span> <span class='ocrx_word' id='word_1_134' title='bbox 1196 2148 1336 2210; x_wconf 89' lang='lat' dir='ltr'>huic</span> <span class='ocrx_word' id='word_1_135' title='bbox 1379 2148 1536 2211; x_wconf 88' lang='lat' dir='ltr'>libro</span> <span class='ocrx_word' id='word_1_136' title='bbox 1582 2148 1806 2226; x_wconf 88' lang='lat' dir='ltr'>tribuit,</span> <span class='ocrx_word' id='word_1_137' title='bbox 1854 2151 1931 2209; x_wconf 90' lang='lat' dir='ltr'>ita</span> <span class='ocrx_word' id='word_1_138' title='bbox 1974 2154 2037 2210; x_wconf 88' lang='lat' dir='ltr'>ut</span> <span class='ocrx_word' id='word_1_139' title='bbox 2074 2164 2192 2209; x_wconf 84' lang='lat' dir='ltr'>una</span> <span class='ocrx_word' id='word_1_140' title='bbox 2239 2164 2372 2208; x_wconf 91' lang='lat' dir='ltr'>cum</span> <span class='ocrx_word' id='word_1_141' title='bbox 2395 2146 2599 2207; x_wconf 88' lang='lat' dir='ltr'>Attico</span> 
     </span>
     <span class='ocr_line' id='line_1_19' title="bbox 404 2255 2602 2338; baseline -0.001 -20"><span class='ocrx_word' id='word_1_142' title='bbox 404 2263 466 2318; x_wconf 89' lang='lat' dir='ltr'>et</span> <span class='ocrx_word' id='word_1_143' title='bbox 503 2256 754 2333; x_wconf 85' lang='lat' dir='ltr'>Vaccio‚</span> <span class='ocrx_word' id='word_1_144' title='bbox 788 2274 1037 2336; x_wconf 86' lang='lat' dir='ltr'>quorum</span> <span class='ocrx_word' id='word_1_145' title='bbox 1063 2258 1692 2338; x_wconf 78' lang='lat' dir='ltr'>nomina·argumento</span> <span class='ocrx_word' id='word_1_146' title='bbox 1735 2263 2146 2319; x_wconf 86' lang='lat' dir='ltr'>consentanea</span> <span class='ocrx_word' id='word_1_147' title='bbox 2175 2259 2438 2337; x_wconf 86' lang='lat' dir='ltr'>primum·</span> <span class='ocrx_word' id='word_1_148' title='bbox 2466 2255 2602 2318; x_wconf 85' lang='lat' dir='ltr'>for·-</span> 
     </span>
     <span class='ocr_line' id='line_1_20' title="bbox 400 2353 2602 2445; baseline 0 -21"><span class='ocrx_word' id='word_1_149' title='bbox 400 2368 565 2425; x_wconf 88' lang='lat' dir='ltr'>tasse</span> <span class='ocrx_word' id='word_1_150' title='bbox 622 2363 913 2426; x_wconf 89' lang='lat' dir='ltr'>Varronis</span> <span class='ocrx_word' id='word_1_151' title='bbox 978 2365 1236 2445; x_wconf 90' lang='lat' dir='ltr'>animum</span> <span class='ocrx_word' id='word_1_152' title='bbox 1283 2364 1360 2425; x_wconf 86' lang='lat' dir='ltr'>ad</span> <span class='ocrx_word' id='word_1_153' title='bbox 1421 2353 1489 2426; x_wconf 83' lang='lat' dir='ltr'>&#39;se</span> <span class='ocrx_word' id='word_1_154' title='bbox 1536 2370 1983 2443; x_wconf 86' lang='lat' dir='ltr'>conuerterunt,</span> <span class='ocrx_word' id='word_1_155' title='bbox 2026 2364 2294 2445; x_wconf 87' lang='lat' dir='ltr'>reliquos</span> <span class='ocrx_word' id='word_1_156' title='bbox 2338 2379 2602 2445; x_wconf 85' lang='lat' dir='ltr'>quoque,</span> 
     </span>
     <span class='ocr_line' id='line_1_21' title="bbox 398 2472 2601 2556; baseline 0 -22"><span class='ocrx_word' id='word_1_157' title='bbox 398 2479 463 2535; x_wconf 91' lang='lat' dir='ltr'>ut</span> <span class='ocrx_word' id='word_1_158' title='bbox 491 2474 579 2535; x_wconf 91' lang='lat' dir='ltr'>rei</span> <span class='ocrx_word' id='word_1_159' title='bbox 605 2472 906 2536; x_wconf 85' lang='lat' dir='ltr'>uillaticae</span> <span class='ocrx_word' id='word_1_160' title='bbox 942 2492 1137 2555; x_wconf 87' lang='lat' dir='ltr'>aeque</span> <span class='ocrx_word' id='word_1_161' title='bbox 1167 2473 1391 2554; x_wconf 89' lang='lat' dir='ltr'>peritos</span> <span class='ocrx_word' id='word_1_162' title='bbox 1432 2474 1533 2537; x_wconf 92' lang='lat' dir='ltr'>hic</span> <span class='ocrx_word' id='word_1_163' title='bbox 1571 2474 1965 2537; x_wconf 72' lang='lat' dir='ltr'>asciScendo’s</span> <span class='ocrx_word' id='word_1_164' title='bbox 1996 2475 2308 2556; x_wconf 79' lang='lat' dir='ltr'>iudicaret.</span> <span class='ocrx_word' id='word_1_165' title='bbox 2354 2474 2601 2536; x_wconf 87' lang='lat' dir='ltr'>Praeter</span> 
     </span>
     <span class='ocr_line' id='line_1_22' title="bbox 395 2581 2604 2663; baseline -0 -20"><span class='ocrx_word' id='word_1_166' title='bbox 395 2581 744 2660; x_wconf 84' lang='lat' dir='ltr'>Lucienum,</span> <span class='ocrx_word' id='word_1_167' title='bbox 783 2583 881 2661; x_wconf 83' lang='lat' dir='ltr'>qui</span> <span class='ocrx_word' id='word_1_168' title='bbox 930 2590 1067 2662; x_wconf 86' lang='lat' dir='ltr'>post</span> <span class='ocrx_word' id='word_1_169' title='bbox 1112 2581 1264 2644; x_wconf 87' lang='lat' dir='ltr'>alios</span> <span class='ocrx_word' id='word_1_170' title='bbox 1310 2582 1388 2645; x_wconf 89' lang='lat' dir='ltr'>ad</span> <span class='ocrx_word' id='word_1_171' title='bbox 1425 2581 1792 2663; x_wconf 82' lang='lat' dir='ltr'>colloquium</span> <span class='ocrx_word' id='word_1_172' title='bbox 1836 2583 2075 2645; x_wconf 83' lang='lat' dir='ltr'>accedit</span> <span class='ocrx_word' id='word_1_173' title='bbox 2115 2581 2221 2662; x_wconf 80' lang='lat' dir='ltr'>(ll,</span> <span class='ocrx_word' id='word_1_174' title='bbox 2268 2583 2329 2659; x_wconf 83' lang='lat'>5,</span> <span class='ocrx_word' id='word_1_175' title='bbox 2365 2583 2451 2661; x_wconf 85' lang='lat'>1),</span> <span class='ocrx_word' id='word_1_176' title='bbox 2494 2598 2604 2643; x_wconf 90' lang='lat' dir='ltr'>se-</span> 
     </span>
     <span class='ocr_line' id='line_1_23' title="bbox 398 2688 2600 2771; baseline 0 -23"><span class='ocrx_word' id='word_1_177' title='bbox 398 2688 578 2749; x_wconf 91' lang='lat' dir='ltr'>cundi</span> <span class='ocrx_word' id='word_1_178' title='bbox 620 2688 756 2750; x_wconf 89' lang='lat' dir='ltr'>libri</span> <span class='ocrx_word' id='word_1_179' title='bbox 797 2690 1034 2771; x_wconf 84' lang='lat' dir='ltr'>integra</span> <span class='ocrx_word' id='word_1_180' title='bbox 1078 2690 1320 2751; x_wconf 87' lang='lat' dir='ltr'>nomina</span> <span class='ocrx_word' id='word_1_181' title='bbox 1367 2706 1490 2752; x_wconf 90' lang='lat' dir='ltr'>non</span> <span class='ocrx_word' id='word_1_182' title='bbox 1547 2696 1686 2751; x_wconf 92' lang='lat' dir='ltr'>sunt</span> <span class='ocrx_word' id='word_1_183' title='bbox 1728 2690 1970 2768; x_wconf 86' lang='lat' dir='ltr'>tradita,</span> <span class='ocrx_word' id='word_1_184' title='bbox 2015 2689 2397 2752; x_wconf 85' lang='lat' dir='ltr'>desideratur</span> <span class='ocrx_word' id='word_1_185' title='bbox 2440 2689 2600 2751; x_wconf 89' lang='lat' dir='ltr'>enim</span> 
     </span>
     <span class='ocr_line' id='line_1_24' title="bbox 400 2797 2607 2879; baseline 0 -21"><span class='ocrx_word' id='word_1_186' title='bbox 400 2797 461 2858; x_wconf 93' lang='lat' dir='ltr'>in</span> <span class='ocrx_word' id='word_1_187' title='bbox 506 2798 780 2859; x_wconf 89' lang='lat' dir='ltr'>omnibus</span> <span class='ocrx_word' id='word_1_188' title='bbox 841 2797 1020 2859; x_wconf 89' lang='lat' dir='ltr'>codd.</span> <span class='ocrx_word' id='word_1_189' title='bbox 1068 2816 1139 2860; x_wconf 90' lang='lat' dir='ltr'>ea</span> <span class='ocrx_word' id='word_1_190' title='bbox 1183 2798 1317 2861; x_wconf 88' lang='lat' dir='ltr'>libri</span> <span class='ocrx_word' id='word_1_191' title='bbox 1361 2816 1525 2879; x_wconf 84' lang='lat' dir='ltr'>pars,</span> <span class='ocrx_word' id='word_1_192' title='bbox 1571 2799 1628 2860; x_wconf 91' lang='lat' dir='ltr'>in</span> <span class='ocrx_word' id='word_1_193' title='bbox 1672 2816 1784 2878; x_wconf 88' lang='lat' dir='ltr'>qua</span> <span class='ocrx_word' id='word_1_194' title='bbox 1823 2800 1959 2862; x_wconf 86' lang='lat' dir='ltr'>sine</span> <span class='ocrx_word' id='word_1_195' title='bbox 1997 2799 2181 2861; x_wconf 89' lang='lat' dir='ltr'>dubio</span> <span class='ocrx_word' id='word_1_196' title='bbox 2230 2799 2370 2861; x_wconf 91' lang='lat' dir='ltr'>olim</span> <span class='ocrx_word' id='word_1_197' title='bbox 2415 2797 2607 2860; x_wconf 82' lang='lat' dir='ltr'>exsti·</span> 
     </span>
     <span class='ocr_line' id='line_1_25' title="bbox 394 2892 2605 2997; baseline 0 -30"><span class='ocrx_word' id='word_1_198' title='bbox 394 2911 593 2968; x_wconf 86' lang='lat' dir='ltr'>terunt</span> <span class='ocrx_word' id='word_1_199' title='bbox 647 2907 802 2968; x_wconf 86' lang='lat' dir='ltr'>haec</span> <span class='ocrx_word' id='word_1_200' title='bbox 850 2892 1123 2997; x_wconf 34' lang='lat' dir='ltr'>nomin—a:</span> <span class='ocrx_word' id='word_1_201' title='bbox 1183 2925 1319 2969; x_wconf 86' lang='lat' dir='ltr'>nam</span> <span class='ocrx_word' id='word_1_202' title='bbox 1364 2908 1464 2971; x_wconf 91' lang='lat' dir='ltr'>ubi</span> <span class='ocrx_word' id='word_1_203' title='bbox 1531 2909 1781 2987; x_wconf 90' lang='lat' dir='ltr'>primum</span> <span class='ocrx_word' id='word_1_204' title='bbox 1827 2906 2236 2969; x_wconf 89' lang='lat' dir='ltr'>nominandae</span> <span class='ocrx_word' id='word_1_205' title='bbox 2277 2914 2415 2970; x_wconf 80' lang='lat' dir='ltr'>sunt</span> <span class='ocrx_word' id='word_1_206' title='bbox 2456 2924 2605 2989; x_wconf 89' lang='lat' dir='ltr'>per-</span> 
     </span>
     <span class='ocr_line' id='line_1_26' title="bbox 397 3014 2607 3096; baseline 0.001 -22"><span class='ocrx_word' id='word_1_207' title='bbox 397 3030 589 3075; x_wconf 83' lang='lat' dir='ltr'>sonae</span> <span class='ocrx_word' id='word_1_208' title='bbox 657 3022 939 3077; x_wconf 86' lang='lat' dir='ltr'>accurate</span> <span class='ocrx_word' id='word_1_209' title='bbox 997 3033 1106 3078; x_wconf 90' lang='lat' dir='ltr'>eos</span> <span class='ocrx_word' id='word_1_210' title='bbox 1165 3015 1456 3077; x_wconf 86' lang='lat' dir='ltr'>describit</span> <span class='ocrx_word' id='word_1_211' title='bbox 1501 3015 1726 3078; x_wconf 86' lang='lat' dir='ltr'>Varro.</span> <span class='ocrx_word' id='word_1_212' title='bbox 1756 3017 1817 3078; x_wconf 89' lang='lat' dir='ltr'>in</span> <span class='ocrx_word' id='word_1_213' title='bbox 1857 3017 2108 3096; x_wconf 87' lang='lat' dir='ltr'>reliquis</span> <span class='ocrx_word' id='word_1_214' title='bbox 2151 3016 2321 3078; x_wconf 90' lang='lat' dir='ltr'>libris</span> <span class='ocrx_word' id='word_1_215' title='bbox 2360 3014 2510 3091; x_wconf 82' lang='lat' dir='ltr'>(cfr.</span> <span class='ocrx_word' id='word_1_216' title='bbox 2559 3015 2607 3077; x_wconf 75' lang='lat'>1²</span> 
     </span>
     <span class='ocr_line' id='line_1_27' title="bbox 397 3118 1058 3201; baseline 0.002 -19"><span class='ocrx_word' id='word_1_217' title='bbox 397 3118 456 3198; x_wconf 77' lang='lat'>2,</span> <span class='ocrx_word' id='word_1_218' title='bbox 506 3123 556 3182; x_wconf 93' lang='grc'>1.</span> <span class='ocrx_word' id='word_1_219' title='bbox 602 3119 658 3183; x_wconf 85' lang='grc'>9.</span> <span class='ocrx_word' id='word_1_220' title='bbox 697 3120 797 3197; x_wconf 86' lang='lat'>111,</span> <span class='ocrx_word' id='word_1_221' title='bbox 838 3122 898 3199; x_wconf 76' lang='lat'>2,</span> <span class='ocrx_word' id='word_1_222' title='bbox 948 3124 1058 3201; x_wconf 78' lang='grc'><strong>2.).</strong></span> 
     </span>
    </p>

    <p class='ocr_par' dir='ltr' id='par_1_7' title="bbox 378 3210 2596 4291">
     <span class='ocr_line' id='line_1_28' title="bbox 517 3210 2596 3312; baseline 0.001 -23"><span class='ocrx_word' id='word_1_223' title='bbox 517 3227 610 3289; x_wconf 91' lang='lat' dir='ltr'>De</span> <span class='ocrx_word' id='word_1_224' title='bbox 638 3226 701 3290; x_wconf 88' lang='lat' dir='ltr'>T.</span> <span class='ocrx_word' id='word_1_225' title='bbox 725 3226 1054 3307; x_wconf 80' lang='lat' dir='ltr'>Pomponio</span> <span class='ocrx_word' id='word_1_226' title='bbox 1078 3226 1278 3290; x_wconf 77' lang='lat' dir='ltr'>Attico</span> <span class='ocrx_word' id='word_1_227' title='bbox 1327 3210 1605 3292; x_wconf 77' lang='lat' dir='ltr'>omnibus</span> <span class='ocrx_word' id='word_1_228' title='bbox 1630 3226 1782 3293; x_wconf 84' lang='lat' dir='ltr'>noto</span> <span class='ocrx_word' id='word_1_229' title='bbox 1815 3248 2008 3312; x_wconf 87' lang='lat' dir='ltr'>pauca</span> <span class='ocrx_word' id='word_1_230' title='bbox 2029 3231 2241 3294; x_wconf 87' lang='lat' dir='ltr'>dicere</span> <span class='ocrx_word' id='word_1_231' title='bbox 2270 3231 2418 3294; x_wconf 89' lang='lat' dir='ltr'>satis</span> <span class='ocrx_word' id='word_1_232' title='bbox 2462 3230 2596 3293; x_wconf 89' lang='lat' dir='ltr'>erit.</span> 
     </span>
     <span class='ocr_line' id='line_1_29' title="bbox 394 3335 2594 3417; baseline 0.003 -18"><span class='ocrx_word' id='word_1_233' title='bbox 394 3336 578 3399; x_wconf 84' lang='lat' dir='ltr'>Attici</span> <span class='ocrx_word' id='word_1_234' title='bbox 604 3352 948 3417; x_wconf 83' lang='lat' dir='ltr'>cognomen</span> <span class='ocrx_word' id='word_1_235' title='bbox 962 3355 1006 3399; x_wconf 83' lang='lat' dir='ltr'>a</span> <span class='ocrx_word' id='word_1_236' title='bbox 1025 3335 1299 3400; x_wconf 81' lang='lat' dir='ltr'>Varrone</span> <span class='ocrx_word' id='word_1_237' title='bbox 1323 3336 1647 3401; x_wconf 87' lang='lat' dir='ltr'>manifesto</span> <span class='ocrx_word' id='word_1_238' title='bbox 1673 3337 1978 3402; x_wconf 83' lang='lat' dir='ltr'>deriuatur</span> <span class='ocrx_word' id='word_1_239' title='bbox 2000 3340 2075 3402; x_wconf 90' lang='lat' dir='ltr'>ab</span> <span class='ocrx_word' id='word_1_240' title='bbox 2099 3340 2313 3402; x_wconf 88' lang='lat' dir='ltr'>ouibus</span> <span class='ocrx_word' id='word_1_241' title='bbox 2334 3339 2552 3402; x_wconf 81' lang='lat' dir='ltr'>Atticis</span> <span class='ocrx_word' id='word_1_242' title='bbox 2576 3362 2594 3405; x_wconf 75' lang='lat' dir='ltr'>t</span> 
     </span>
     <span class='ocr_line' id='line_1_30' title="bbox 397 3436 2591 3528; baseline 0.004 -24"><span class='ocrx_word' id='word_1_243' title='bbox 397 3442 551 3505; x_wconf 88' lang='lat' dir='ltr'>haec</span> <span class='ocrx_word' id='word_1_244' title='bbox 576 3450 670 3506; x_wconf 85' lang='lat' dir='ltr'>est</span> <span class='ocrx_word' id='word_1_245' title='bbox 692 3461 874 3505; x_wconf 90' lang='lat' dir='ltr'>causa</span> <span class='ocrx_word' id='word_1_246' title='bbox 899 3462 1006 3507; x_wconf 91' lang='lat' dir='ltr'>cur</span> <span class='ocrx_word' id='word_1_247' title='bbox 1022 3436 1102 3507; x_wconf 83' lang='lat' dir='ltr'>de</span> <span class='ocrx_word' id='word_1_248' title='bbox 1129 3445 1345 3507; x_wconf 90' lang='lat' dir='ltr'>ouibus</span> <span class='ocrx_word' id='word_1_249' title='bbox 1369 3452 1633 3525; x_wconf 86' lang='lat' dir='ltr'>exponat</span> <span class='ocrx_word' id='word_1_250' title='bbox 1651 3446 1887 3510; x_wconf 83' lang='lat' dir='ltr'>Atticus</span> <span class='ocrx_word' id='word_1_251' title='bbox 1910 3447 2011 3526; x_wconf 85' lang='grc' dir='ltr'><strong>(ΙΙ,</strong></span> <span class='ocrx_word' id='word_1_252' title='bbox 2038 3450 2109 3526; x_wconf 78' lang='lat'>2)</span> <span class='ocrx_word' id='word_1_253' title='bbox 2131 3454 2199 3527; x_wconf 76' lang='lat' dir='ltr'>‚et</span> <span class='ocrx_word' id='word_1_254' title='bbox 2222 3447 2298 3510; x_wconf 89' lang='lat' dir='ltr'>de</span> <span class='ocrx_word' id='word_1_255' title='bbox 2319 3447 2591 3528; x_wconf 67' lang='lat' dir='ltr'>cambire,</span> 
     </span>
     <span class='ocr_line' id='line_1_31' title="bbox 389 3551 2589 3637; baseline 0.003 -24"><span class='ocrx_word' id='word_1_256' title='bbox 389 3551 604 3631; x_wconf 87' lang='lat' dir='ltr'>quibus</span> <span class='ocrx_word' id='word_1_257' title='bbox 630 3551 710 3613; x_wconf 92' lang='lat' dir='ltr'>illi</span> <span class='ocrx_word' id='word_1_258' title='bbox 728 3552 1082 3631; x_wconf 84' lang='lat' dir='ltr'>praesertim</span> <span class='ocrx_word' id='word_1_259' title='bbox 1108 3569 1257 3632; x_wconf 90' lang='lat' dir='ltr'>opus</span> <span class='ocrx_word' id='word_1_260' title='bbox 1283 3552 1504 3616; x_wconf 87' lang='lat' dir='ltr'>babent</span> <span class='ocrx_word' id='word_1_261' title='bbox 1533 3555 1631 3633; x_wconf 86' lang='lat' dir='ltr'>qui</span> <span class='ocrx_word' id='word_1_262' title='bbox 1663 3562 1918 3634; x_wconf 87' lang='lat' dir='ltr'>pascunt</span> <span class='ocrx_word' id='word_1_263' title='bbox 1951 3574 2138 3637; x_wconf 89' lang='lat' dir='ltr'>pecus</span> <span class='ocrx_word' id='word_1_264' title='bbox 2159 3555 2368 3619; x_wconf 89' lang='lat' dir='ltr'>lanare</span> <span class='ocrx_word' id='word_1_265' title='bbox 2386 3556 2589 3636; x_wconf 62' lang='lat'>(119.)</span> 
     </span>
     <span class='ocr_line' id='line_1_32' title="bbox 388 3658 2596 3746; baseline 0.005 -25"><span class='ocrx_word' id='word_1_266' title='bbox 388 3659 524 3740; x_wconf 85' lang='lat' dir='ltr'>lpse</span> <span class='ocrx_word' id='word_1_267' title='bbox 563 3658 753 3722; x_wconf 87' lang='lat' dir='ltr'>Varro</span> <span class='ocrx_word' id='word_1_268' title='bbox 797 3677 948 3723; x_wconf 86' lang='lat' dir='ltr'>oues</span> <span class='ocrx_word' id='word_1_269' title='bbox 972 3661 1203 3725; x_wconf 87' lang='lat' dir='ltr'>Atticas</span> <span class='ocrx_word' id='word_1_270' title='bbox 1237 3667 1302 3723; x_wconf 88' lang='lat' dir='ltr'>ut</span> <span class='ocrx_word' id='word_1_271' title='bbox 1345 3663 1599 3742; x_wconf 85' lang='lat' dir='ltr'>optimas</span> <span class='ocrx_word' id='word_1_272' title='bbox 1648 3672 2079 3728; x_wconf 87' lang='lat' dir='ltr'>commemorat</span> <span class='ocrx_word' id='word_1_273' title='bbox 2126 3664 2228 3746; x_wconf 86' lang='lat' dir='ltr'>(ll,</span> <span class='ocrx_word' id='word_1_274' title='bbox 2271 3667 2489 3745; x_wconf 53' lang='lat'>218.)</span> <span class='ocrx_word' id='word_1_275' title='bbox 2529 3675 2596 3731; x_wconf 90' lang='lat' dir='ltr'>ut</span> 
     </span>
     <span class='ocr_line' id='line_1_33' title="bbox 392 3768 2591 3857; baseline 0.005 -28"><span class='ocrx_word' id='word_1_276' title='bbox 392 3768 573 3831; x_wconf 86' lang='lat' dir='ltr'>facile</span> <span class='ocrx_word' id='word_1_277' title='bbox 610 3768 902 3850; x_wconf 86' lang='lat' dir='ltr'>intelligat</span> <span class='ocrx_word' id='word_1_278' title='bbox 940 3769 1136 3831; x_wconf 89' lang='lat' dir='ltr'>lector</span> <span class='ocrx_word' id='word_1_279' title='bbox 1153 3771 1335 3833; x_wconf 85' lang='lat' dir='ltr'>Attici</span> <span class='ocrx_word' id='word_1_280' title='bbox 1379 3772 1760 3852; x_wconf 87' lang='lat' dir='ltr'>cognominis</span> <span class='ocrx_word' id='word_1_281' title='bbox 1803 3773 2025 3836; x_wconf 81' lang='lat' dir='ltr'>uim‘et</span> <span class='ocrx_word' id='word_1_282' title='bbox 2069 3775 2591 3857; x_wconf 85' lang='lat' dir='ltr'>significationem.</span> 
     </span>
     <span class='ocr_line' id='line_1_34' title="bbox 391 3874 2587 3965; baseline 0.005 -29"><span class='ocrx_word' id='word_1_283' title='bbox 391 3874 482 3937; x_wconf 91' lang='lat' dir='ltr'>De</span> <span class='ocrx_word' id='word_1_284' title='bbox 538 3875 751 3938; x_wconf 88' lang='lat' dir='ltr'>ouibus</span> <span class='ocrx_word' id='word_1_285' title='bbox 798 3877 1013 3940; x_wconf 89' lang='lat' dir='ltr'>Atticis</span> <span class='ocrx_word' id='word_1_286' title='bbox 1078 3877 1186 3940; x_wconf 83' lang='lat' dir='ltr'>cfr.</span> <span class='ocrx_word' id='word_1_287' title='bbox 1230 3885 1550 3958; x_wconf 85' lang='lat' dir='ltr'>praeterea</span> <span class='ocrx_word' id='word_1_288' title='bbox 1570 3880 1713 3943; x_wconf 89' lang='lat' dir='ltr'>Plut.</span> <span class='ocrx_word' id='word_1_289' title='bbox 1763 3880 1915 3962; x_wconf 75' lang='grc' dir='ltr'><strong><em>περὶ</em></strong></span> <span class='ocrx_word' id='word_1_290' title='bbox 1953 3884 2069 3946; x_wconf 76' lang='grc' dir='ltr'>τοῦ</span> <span class='ocrx_word' id='word_1_291' title='bbox 2111 3881 2368 3947; x_wconf 78' lang='grc' dir='ltr'><strong><em>α’κούειν</em></strong></span> <span class='ocrx_word' id='word_1_292' title='bbox 2405 3901 2461 3965; x_wconf 92' lang='lat' dir='ltr'>p.</span> <span class='ocrx_word' id='word_1_293' title='bbox 2503 3879 2587 3947; x_wconf 80' lang='lat'>42</span> 
     </span>
     <span class='ocr_line' id='line_1_35' title="bbox 389 3977 2587 4076; baseline 0.005 -32"><span class='ocrx_word' id='word_1_294' title='bbox 389 3977 422 4045; x_wconf 82' lang='grc' dir='ltr'>ὅ</span> <span class='ocrx_word' id='word_1_295' title='bbox 469 3982 524 4044; x_wconf 82' lang='grc' dir='ltr'>δ’</span> <span class='ocrx_word' id='word_1_296' title='bbox 567 3981 766 4057; x_wconf 71' lang='grc' dir='ltr'>εόθῦς</span> <span class='ocrx_word' id='word_1_297' title='bbox 823 3986 890 4061; x_wconf 73' lang='grc' dir='ltr'>ἐξ</span> <span class='ocrx_word' id='word_1_298' title='bbox 949 3985 1157 4068; x_wconf 73' lang='grc' dir='ltr'><em>ἀρχῆς</em></span> <span class='ocrx_word' id='word_1_299' title='bbox 1217 3985 1306 4070; x_wconf 78' lang='grc' dir='ltr'>μὴ</span> <span class='ocrx_word' id='word_1_300' title='bbox 1368 3994 1500 4062; x_wconf 82' lang='grc' dir='ltr'><strong><em>τοῖς</em></strong></span> <span class='ocrx_word' id='word_1_301' title='bbox 1556 3983 1924 4071; x_wconf 71' lang='grc' dir='ltr'><em>πράγμασιν</em></span> <span class='ocrx_word' id='word_1_302' title='bbox 1982 3984 2383 4076; x_wconf 80' lang='grc' dir='ltr'><strong><em>ἐμφυόμενος</em></strong></span> <span class='ocrx_word' id='word_1_303' title='bbox 2426 3988 2587 4055; x_wconf 66' lang='lat' dir='ltr'>dno}</span> 
     </span>
     <span class='ocr_line' id='line_1_36' title="bbox 384 4088 2589 4184; baseline 0.003 -28"><span class='ocrx_word' id='word_1_304' title='bbox 384 4089 500 4174; x_wconf 74' lang='grc' dir='ltr'>τὴν</span> <span class='ocrx_word' id='word_1_305' title='bbox 540 4093 707 4169; x_wconf 80' lang='grc' dir='ltr'><strong><em>λέξιν</em></strong></span> <span class='ocrx_word' id='word_1_306' title='bbox 743 4088 1041 4178; x_wconf 74' lang='grc' dir='ltr'><strong><em>Ἀττικὴν</em></strong></span> <span class='ocrx_word' id='word_1_307' title='bbox 1097 4096 1293 4173; x_wconf 77' lang='grc' dir='ltr'><strong><em>α’ξιαῖν</em></strong></span> <span class='ocrx_word' id='word_1_308' title='bbox 1349 4090 1512 4161; x_wconf 82' lang='grc' dir='ltr'><strong><em>εἶναι</em></strong></span> <span class='ocrx_word' id='word_1_309' title='bbox 1580 4095 1694 4161; x_wconf 78' lang='grc' dir='ltr'><strong><em>καί</em></strong></span> <span class='ocrx_word' id='word_1_310' title='bbox 1743 4096 1968 4181; x_wconf 80' lang='grc' dir='ltr'><strong><em>ἶσχνῆν</em></strong></span> <span class='ocrx_word' id='word_1_311' title='bbox 2024 4091 2242 4179; x_wconf 74' lang='grc' dir='ltr'><strong><em>ὅμοιός</em></strong></span> <span class='ocrx_word' id='word_1_312' title='bbox 2301 4101 2440 4164; x_wconf 69' lang='grc' dir='ltr'><strong><em>ἐστι</em></strong></span> <span class='ocrx_word' id='word_1_313' title='bbox 2497 4124 2589 4184; x_wconf 80' lang='grc' dir='ltr'>μη</span> 
     </span>
     <span class='ocr_line' id='line_1_37' title="bbox 378 4197 2590 4291; baseline 0.004 -30"><span class='ocrx_word' id='word_1_314' title='bbox 378 4199 746 4287; x_wconf 78' lang='grc' dir='ltr'><strong><em>βουλομένῳ</em></strong></span> <span class='ocrx_word' id='word_1_315' title='bbox 808 4207 974 4265; x_wconf 72' lang='grc' dir='ltr'><strong><em>πιεῖν</em></strong></span> <span class='ocrx_word' id='word_1_316' title='bbox 1038 4203 1356 4268; x_wconf 71' lang='grc' dir='ltr'><strong><em>ἀντίδοτον</em></strong></span> <span class='ocrx_word' id='word_1_317' title='bbox 1424 4197 1507 4268; x_wconf 72' lang='grc' dir='ltr'>ἂν</span> <span class='ocrx_word' id='word_1_318' title='bbox 1550 4202 1640 4286; x_wconf 71' lang='grc' dir='ltr'>μὴ</span> <span class='ocrx_word' id='word_1_319' title='bbox 1687 4202 1758 4268; x_wconf 82' lang='grc' dir='ltr'>τὸ</span> <span class='ocrx_word' id='word_1_320' title='bbox 1812 4205 2060 4287; x_wconf 77' lang='grc' dir='ltr'><strong><em>α’γγεῖον</em></strong></span> <span class='ocrx_word' id='word_1_321' title='bbox 2099 4208 2170 4270; x_wconf 74' lang='grc' dir='ltr'>ἐκ</span> <span class='ocrx_word' id='word_1_322' title='bbox 2212 4207 2322 4291; x_wconf 79' lang='grc' dir='ltr'>τῆς</span> <span class='ocrx_word' id='word_1_323' title='bbox 2361 4205 2590 4271; x_wconf 79' lang='grc' dir='ltr'><em>Ἀττι-</em></span> 
     </span>
    </p>
   </div>
  </div>
 </body>
</html>
