3025 4875
1350 332 1767 390 ...23-

458 517 556 554 ms.
594 499 1032 553 membranaceus
1073 503 1276 554 saeculi
1314 504 1425 556 XV.
1468 504 1666 557 litteris
1706 502 2006 556 initialibus
2029 503 2206 571 pictis,
2252 503 2413 554 initio
2456 510 2512 553 et
2549 501 2657 553 fine

455 586 699 651 mutilus,
735 596 949 639 constat
983 605 1128 639 nunc
1163 589 1309 641 soliis
1351 588 1468 642 199.
1506 591 1563 641 in
1603 591 1757 642 folio.
1797 591 1837 644 1.
1879 592 1913 641 f.
1956 591 2147 643 1—19.
2190 591 2262 641 M.
2290 591 2415 641 Ter.
2453 588 2654 639 Varro-

455 673 543 723 nis
582 670 651 723 de
689 671 1027 740 Agricultura
1067 673 1190 724 libr.
1230 676 1271 739 1,
1305 675 1687 745 eap.-48-69.
1721 675 1920 728 et'lib.
1962 678 2030 727 11.
2079 676 2303 729 Orditur
2351 674 2434 725 his
2472 674 2572 725 lib.
2611 675 2653 722 Ι.

455 773 572 828 cap.
594 757 683 810 48.
741 759 954 810 uerbis:
995 760 1221 828 proinde
1263 771 1324 813 ut
1348 766 1510 831 grani
1552 781 1688 832 apex
1727 764 1796 815 sit
1844 763 2041 832 gluma-
2117 765 2265 815 lnter
2321 763 2418 815 fol.
2459 759 2496 813 4
2533 768 2589 812 et
2622 760 2656 812 5

455 860 623 896 unum
660 845 854 897 folium
893 847 1110 910 excidit,
1151 850 1227 900 ita
1267 857 1328 901 ut
1360 849 1501 902 desit
1539 850 1664 900 libr.
1692 849 1757 906 11.
1801 852 1972 919 praef.
2011 868 2059 904 v.
2078 850 2129 903 6.
2170 851 2238 902 ad
2275 868 2393 919 cap.
2422 849 2490 900 11.
2528 866 2576 904 v.
2600 848 2654 900 3.

454 948 488 983 a
526 933 752 983 uerbis:
793 933 985 985 crebro
1023 934 1190 1004 pedes
1236 954 1345 1007 quo
1388 938 1603 990 facilius
1663 938 1933 989 sumtibus
1961 976 1975 1000 ,
2000 929 2006 934 ’
2033 955 2205 1009 usque
2247 938 2317 989 ad
2357 938 2555 989 uerbaz
2598 936 2656 986 in

453 1019 611 1071 ltalia
653 1019 877 1088 prolixis
916 1021 971 1070 in
1010 1021 1282 1087 syria..11.
1322 1022 1665 1075 neo-199.
1741 1024 2074 1088 Columellae
2115 1025 2168 1076 d.
2214 1044 2254 1077 r.
2294 1042 2332 1076 r.
2371 1025 2468 1075 lib.
2504 1020 2647 1073 Vlll.

454 1104 875 1157 Observationes
934 1124 1076 1177 quae
1130 1109 1317 1178 primis
1359 1110 1696 1162 Columellae
1752 1111 1901 1163 foliis
1940 1111 2243 1181 adscriptae
2281 1110 2555 1163 habentur
2592 1116 2649 1161 et

451 1192 511 1243 in
547 1189 720 1244 Catal.
774 1194 910 1245 Bibl.
955 1193 1289 1247 Hohendorf.
1343 1214 1396 1266 p.
1435 1197 1556 1249 235.
1615 1196 1862 1250 eruditae
1915 1198 2197 1262 dicuntur,
2236 1199 2315 1250 nil
2358 1205 2506 1260 sunt,
2544 1196 2651 1247 nisi

455 1295 659 1347 paucae
714 1280 1011 1349 scripturae
1047 1267 1529 1349 deprauatissimae
1566 1283 1973 1336 emendationes
2033 1302 2063 1335 a
2097 1301 2260 1335 manu
2297 1300 2437 1335 saec.
2474 1282 2654 1333 wi

450 1365 625 1416 Huius
666 1365 784 1418 eod.
818 1367 1171 1436 scripturam,
1226 1378 1485 1439 quantum
1530 1386 1560 1419 a
1593 1370 1926 1422 Gesneriana
1964 1372 2147 1439 priore
2186 1369 2393 1422 recedit
2428 1386 2458 1419 a
2495 1368 2653 1422 Wei-

457 1451 604 1518 gelio
644 1452 962 1521 exscriptam
1000 1453 1362 1506 Schneiderus
1399 1453 1623 1507 exhibet
1660 1457 1717 1507 in
1756 1473 1854 1507 sua
1891 1472 2014 1509 serr.
2052 1474 2098 1507 r.
2140 1474 2180 1508 r.
2220 1455 2462 1508 editione
2498 1455 2657 1507 Tom-

449 1535 542 1588 111.
581 1554 634 1606 p.
668 1537 774 1590 272
811 1555 927 1609 sqq.
1014 1540 1335 1610 Plerumque
1387 1542 1846 1612 interpunctionis
1902 1543 2069 1610 signis
2107 1551 2274 1613 atque
2309 1543 2459 1594 omni
2494 1541 2645 1610 capi-

450 1632 564 1676 tum
601 1625 951 1677 distinctione
987 1643 1165 1680 carere
1200 1626 1348 1681 hunc
1375 1628 1578 1681 librum
1617 1628 1752 1682 dicit
1791 1628 2087 1682 Schneider
2128 1631 2166 1681 1.
2204 1630 2244 1683 1.

842 1769 1010 1835 XIV.
1095 1764 1361 1851 Βορέης.
1390 1765 1479 1834 A.

606 1913 963 1966 Montfaucon
1001 1912 1137 1964 bibl.
1167 1914 1302 1965 bibl.
1347 1934 1397 1985 p.
1419 1883 1546 1969 8⁶97.
1588 1917 1678 1969 ubi
1721 1916 1881 1969 codd.
1912 1918 2038 1986 neg,
2076 1916 2239 1969 Paris.
2280 1921 2644 1975 recensentur,

447 2000 617 2053 habet
651 1999 819 2053 haec:
857 1998 1034 2064 „cod.
1073 1999 1260 2053 xvlll.
1306 2003 1362 2051 in
1402 2001 1729 2053 membranis
1782 2003 2038 2072 antiquis.
2113 2003 2179 2068 .1)
2222 2000 2481 2054 Varronis
2519 1998 2647 2049 libri

448 2086 519 2138 de
560 2103 616 2137 re
656 2088 869 2138 rustica.
907 2085 965 2155 2)
1001 2084 1326 2150 Columella,
1362 2087 1522 2140 deest
1561 2088 1743 2141 finis.“
1785 2090 1836 2140 ls
1878 2090 1937 2141 in
1974 2088 2131 2141 catal.
2169 2087 2329 2156 huius
2369 2085 2505 2137 Bibl.
2536 2101 2648 2136 non

449 2175 811 2227 enumeratur.

839 2264 976 2378 XV.
1059 2309 1308 2397 Reqms
1349 2307 1428 2378 B.

645 2443 938 2514 Catalogus
978 2444 1137 2499 codd.
1179 2464 1295 2497 mss.
1341 2444 1483 2497 bibl.
1524 2445 1700 2512 regiae
1741 2446 1897 2498 Tom.
1921 2443 2010 2496 lv.
2045 2462 2097 2514 p.
2121 2443 2242 2499 207.
2275 2443 2330 2495 b.
2365 2442 2518 2506 „cod.
2548 2442 2641 2498 VI.

445 2516 734 2584 MCXle.
775 2532 947 2585 codex
984 2534 1299 2586 chartaceus
1337 2533 1469 2584 olim
1510 2531 1800 2583 Puteanus.
1877 2533 1929 2604 1)
1967 2532 2169 2583 Valerii
2211 2531 2423 2582 Maximi
2460 2529 2644 2582 dicto·

446 2637 560 2670 rum
604 2620 978 2691 factorumque
1028 2620 1464 2672 memorabilium
1506 2619 1637 2670 libri
1675 2635 1905 2680 nouem,
1963 2619 2120 2686 primi
2162 2619 2376 2669 initium
2417 2618 2638 2669 deside-

446 2714 612 2769 ratur,
655 2705 932 2758 subiectus
993 2706 1205 2758 decimo
1261 2707 1395 2757 'loco
1435 2704 1662 2756 libellus
1699 2705 1825 2756 Iulii
1867 2705 2070 2756 Paridis
2113 2703 2180 2755 de
2218 2705 2494 2756 nominum
2532 2706 2640 2756 Ro-

443 2808 726 2845 manorum
767 2793 992 2863 ratione.
1064 2793 1121 2862 2)
1158 2792 1429 2844 Francisci
1467 2792 1785 2844 petrarchae
1822 2790 1890 2844 ad
1915 2794 2149 2843 Aeneam
2188 2791 2479 2843 Senensem
2518 2791 2640 2861 epi-

442 2878 582 2931 stola
623 2879 866 2930 metrica.
939 2879 997 2949 3)
1051 2879 1221 2933 Marci
1279 2878 1496 2931 Catonis
1534 2878 1678 2931 liber
1732 2878 1799 2929 de
1843 2895 1897 2929 re
1937 2880 2154 2930 rustica.
2229 2877 2288 2949 4)
2327 2879 2490 2930 Marci
2531 2876 2578 2928 T
2582 2895 2641 2929 e.

446 2966 611 3018 rentii
630 2960 899 3018 Varronis
927 2965 1071 3018 liber
1110 2981 1287 3017 rerum
1315 2966 1629 3016 rusticarum
1658 2963 1725 3015 ad
1751 2963 2081 3016 Fundaniam
2125 2980 2364 3016 uxorem.
2397 2965 2454 3033 5)
2490 2965 2639 3015 Ano·-

443 3053 589 3126 nymi
624 3054 946 3122 opusculum
983 3054 1419 3131 astronomicum.
1491 3054 1543 3105 Is
1581 3034 1755 3107 codex
1797 3051 2006 3106 decimo
2050 3052 2248 3122 quinto
2279 3053 2496 3107 saeculo
2539 3067 2638 3105 ex-

447 3148 626 3194 aratus
666 3140 947 3194 uidetur.“

838 3282 1007 3347 XVI.
1090 3276 1338 3364 Reyius
1365 3276 1440 3346 0.

641 3427 784 3481 Ibid.
823 3447 878 3499 p.
907 3427 1033 3493 282,
1068 3428 1123 3479 h.
1160 3428 1320 3492 „cod.
1357 3427 1448 3481 VI.
1489 3424 1892 3480 Mocccxxx.
1931 3427 1989 3478 F.
2011 3423 2198 3478 Codex
2234 3427 2428 3496 partim
2463 3441 2637 3478 mem-

443 3514 762 3578 branaceus,
825 3516 1021 3585 partim
1082 3514 1434 3577 chartaceus,
1483 3513 1618 3567 olim
1671 3515 1959 3568 Puteanus.
2041 3514 2126 3565 Ibi
2164 3516 2514 3566 continentur
2588 3514 2641 3579 1)

442 3604 676 3657 Palladii
716 3603 903 3655 Rutilii
941 3603 1108 3655 Tauri
1144 3602 1447 3669 ⁸Aemiliani
1505 3601 1632 3652 libri
1695 3602 1951 3653 tredecim
1985 3600 2053 3653 de
2091 3618 2147 3653 re
2185 3601 2400 3653 rustica.
2473 3600 2531 3668 2)
2566 3599 2640 3655 Μ.

438 3691 687 3744 Terentii
725 3691 984 3742 Varronis
1024 3690 1092 3741 de
1123 3689 1316 3740 eodem
1359 3698 1676 3756 argumento
1714 3689 1854 3740 liber
1894 3691 2084 3741 tertius
2110 3727 2125 3751 ‚
2167 3689 2384 3740 initium
2422 3685 2640 3740 deside-

441 3787 608 3831 ratur.
697 3778 937 3830 Huiusce
996 3776 1199 3829 codicis
1257 3792 1379 3846 pars
1424 3776 1834 3829 membranacea
1877 3775 2087 3829 decimo
2122 3777 2322 3841 tertie,
2358 3775 2642 3828 chartacea

437 3883 582 3920 anno
625 3864 827 3918 Christi
871 3858 1026 3915 1414.
1066 3870 1282 3916 exarata
1316 3870 1459 3915 est.“

837 4039 1033 4103 XVII.
1116 4032 1368 4119 Regius
1411 4033 1496 4100 D.
2358 4122 2365 4127 ⁵

634 4198 776 4255 lbid.
812 4217 868 4271 p.
908 4197 1029 4263 284,
1069 4215 1119 4253 a.
1176 4196 1334 4265 „cod.
1370 4197 1462 4250 vl.
1504 4194 1900 4260 Mucccxm,
1944 4195 2002 4249 A.
2064 4193 2250 4250 Codex
2285 4194 2629 4250 membrana-
