3025 4875
819 272 940 330 ··:·‘
984 300 1011 349 ·'
1049 284 1503 369 {iffa-rt.-
1546 315 1587 371 2
1692 339 1776 377 .·-··

474 486 610 556 rint.
697 485 908 561 Quid‘?
950 484 1109 568 quod
1156 485 1290 549 loca
1334 487 1513 549 etiam
1564 504 1639 548 ac
1679 494 1969 568 tempora,
2012 489 2224 568 quibus
2272 490 2388 552 bos
2431 508 2669 553 sermo-

473 613 586 657 nes
628 594 868 680 habitos
913 594 1075 673 facit,
1124 594 1200 657 ad
1245 594 1583 677 argumenti
1622 595 1916 658 rationem
1945 595 2270 676 adaptasse
2312 601 2667 684 scriptorem

471 704 722 766 Vrsinus
781 709 843 765 et
903 701 1239 764 Pontedera
1304 701 1757 765 intellexerunt:
1818 720 1933 784 qua
1994 704 2233 783 quidem
2278 705 2338 767 in
2386 724 2454 767 re
2498 713 2667 768 recte

472 826 586 871 eos
630 810 902 871 sensisse
947 829 1060 873 suo
1103 810 1240 873 loco
1281 803 1641 874 uidebimus,
2131 879 2136 882 Α

663 917 747 979 lta
811 923 1006 979 autem
1067 917 1543 999 aggrediendam
1610 916 1767 979 duco
1832 916 2315 997 disputationem,
2361 925 2426 980 ut
2469 937 2659 983 exor-

462 1023 624 1086 dium
670 1024 770 1085 fiat
812 1024 886 1085 ab
914 1024 1235 1086 artificiosa
1270 1024 1557 1086 librorum
1583 1030 1922 1087 nostrorum
1956 1026 2429 1105 compositione:
2479 1047 2655 1109 quam

460 1133 699 1213 quidem
765 1135 1016 1214 primum
1075 1136 1137 1195 in
1200 1140 1533 1213 temporum
1588 1132 2012 1213 locorumque,
2084 1134 2303 1196 deinde
2371 1137 2550 1198 etiam
2591 1137 2652 1198 in

463 1258 858 1322 personarum
904 1239 1141 1302 delectu
1190 1256 1613 1320 agnoscemus,
1701 1238 1835 1318 lpse
1880 1246 2076 1301 autem
2125 1239 2463 1310 disserendi
2507 1260 2647 1304 cur-

450 1364 555 1409 sus
602 1348 822 1411 aditum
867 1346 1101 1426 parabit
1138 1346 1214 1406 ad
1256 1344 1503 1407 alteram
1546 1346 1915 1432 quaestionis
1939 1354 2194 1426 partem,
2236 1365 2391 1427 quae
2436 1354 2529 1408 est
2572 1347 2647 1407 de

450 1456 685 1517 ratione
742 1473 855 1535 qua
919 1455 978 1516 in
1022 1454 1420 1516 recensendis
1469 1451 1562 1516 his
1606 1452 1896 1516 Varronis
1964 1454 2132 1517 libris
2173 1453 2457 1516 utendum
2503 1471 2643 1517 esse

451 1564 811 1627 arbitramur
855 1571 915 1626 et
962 1565 1038 1626 de
1086 1564 1360 1625 codicum
1392 1582 1568 1626 manu
1612 1565 1965 1644 scriptorum
2014 1564 2132 1626 fide
2177 1581 2250 1625 ac
2296 1563 2644 1643 generibus.

449 1673 697 1735 Tantum
728 1674 804 1734 de
845 1674 990 1735 satis
1016 1672 1315 1735 {euidensi
1341 1672 1455 1733 bac
1487 1672 1679 1753 opella
1713 1671 1973 1752 praefari
2009 1690 2115 1753 par
2157 1678 2271 1747 est,
2314 1688 2445 1731 eam
2486 1687 2650 1733 non-

439 1783 557 1843 nisi
600 1784 731 1843 eius
792 1781 985 1860 campi
1047 1788 1436 1860 conspectum
1481 1780 1779 1860 quendam
1804 1787 1863 1842 et
1906 1780 2074 1860 quasi
2119 1780 2478 1841 lineamenta
2524 1796 2642 1840 ex-

436 1887 693 1962 hibere,
739 1887 908 1949 cuius
967 1888 1202 1967 singula
1263 1904 1535 1967 quaeque
1595 1884 1768 1961 loca,
1826 1885 2063 1947 fortuna
2110 1884 2206 1947 his
2273 1886 2487 1949 studiis
2535 1886 2634 1949 fa-

431 2001 646 2073 uente,
689 1994 946 2074 posthac
991 1996 1331 2057 accuratius
1377 1995 1744 2074 perscrutari
1785 1995 1847 2055 in
1893 1994 2093 2055 animo
2135 2000 2276 2056 est„

629 2102 803 2177 Quod
857 2105 1065 2166 attinet
1126 2110 1454 2182 temporum
1520 2102 1912 2182 locorumque
1955 2120 2087 2163 cum
2130 2118 2200 2163 re
2241 2101 2629 2164 coniunctio-

427 2228 586 2289 nem,
630 2211 707 2273 de
768 2211 959 2291 primo
1011 2210 1251 2290 quidem
1305 2209 1460 2272 libro
1505 2209 1796 2274 dubitatio
1861 2209 2018 2271 nulla
2062 2225 2201 2271 esse
2242 2214 2465 2288 potest.
2552 2207 2620 2270 In

425 2318 546 2380 hoc
588 2318 747 2379 enim
793 2319 893 2399 qui
940 2324 1076 2381 sunt
1133 2317 1209 2378 de
1256 2316 1636 2396 ayricallura
1694 2314 1772 2392 (Ι,
1820 2317 1873 2391 1,
1922 2317 2051 2391 11.)
2099 2332 2414 2378 sermones
2458 2315 2621 2378 scri-

417 2432 554 2508 ptor
600 2426 724 2489 uult
778 2426 1019 2489 habitos
1077 2443 1217 2487 esse
1271 2425 1330 2486 in
1375 2422 1531 2487 aede
1584 2422 1839 2485 Telluris
1885 2429 1945 2483 et
1983 2422 2331 2484 sementiuis
2377 2414 2619 2503 quidem

419 2533 590 2596 feriis
639 2534 720 2612 (1,
751 2536 808 2611 2,
844 2537 956 2610 1.).
1002 2534 1135 2608 Quo
1181 2539 1378 2595 tamen
1421 2538 1480 2594 et
1504 2532 1642 2594 loco
1688 2539 1749 2594 et
1794 2538 2064 2612 tempore
2114 2533 2513 2594 conuenerint
2552 2531 2619 2611 ii,

366 2697 368 2700 ,
421 2644 521 2722 qui
566 2643 625 2703 in
669 2643 938 2705 secundo
988 2642 1141 2704 libro
1182 2642 1643 2704 confabulantes
1686 2641 2082 2721 inducuntur,
2126 2646 2449 2721 propterea
2494 2657 2619 2702 non

313 2764 318 2768 ·
418 2747 596 2829 plane
623 2746 827 2828 liquet,
851 2748 1010 2827 quod
1046 2754 1180 2827 post
1214 2749 1586 2827 prooemium
1620 2746 1796 2809 huius
1819 2747 1953 2809 libri
1988 2764 2126 2826 pars
2149 2764 2270 2810 non
2294 2750 2375 2811 ita
2400 2750 2620 2830 exigua

415 2856 477 2917 in
523 2856 799 2918 omnibus
829 2856 1002 2917 deest
1037 2856 1218 2918 codd.
1263 2856 1548 2929 Quamuis
1574 2855 1755 2935 igitur
1780 2862 1989 2934 aperto
2035 2855 2297 2919 destituti
2337 2858 2615 2919 testimo-

413 2960 538 3039 nio,
590 2967 787 3022 tamen
843 2962 1139 3041 probabili
1190 2963 1425 3023 ratione
1467 2961 1717 3024 Vrsinus
1775 2967 1835 3024 et
1887 2962 2219 3028 Pontedera
2267 2967 2613 3029 existimant

412 3068 738 3131 uerisimile
780 3085 919 3130 esse
966 3069 1079 3129 hos
1127 3068 1203 3129 de
1252 3086 1321 3128 re
1376 3069 1682 3147 pecuaria
1722 3068 1800 3148 (Ι,
1850 3071 1902 3148 1,
1953 3074 2081 3147 11.)
2138 3088 2456 3134 sermones
2496 3071 2613 3134 ha-

415 3177 576 3238 bitos
622 3192 761 3238 esse
804 3174 1114 3258 Palilibus,
1175 3182 1239 3238 ut
1282 3177 1633 3238 sementiuis
1676 3176 1843 3240 feriis
1898 3178 2032 3240 illos
2079 3178 2155 3241 de
2193 3181 2557 3262 agricultura
2591 3201 2608 3241 :

413 3283 523 3345 cfr.
573 3282 644 3362 11,
686 3285 753 3361 ἢ
788 3284 841 3344 1.
928 3282 1049 3346 Sed
1095 3300 1229 3344 cum
1273 3283 1448 3344 huius
1488 3281 1611 3344 loci
1656 3300 1773 3344 nec
1815 3286 2110 3346 sententia
2144 3285 2319 3366 plana
2369 3288 2447 3350 sit
2487 3304 2605 3349 nec

410 3398 508 3455 sat
541 3398 706 3453 certa
752 3393 1068 3472 scriptura,
1115 3390 1480 3454 accedamus
1526 3390 1602 3453 ad
1637 3391 1885 3455 alterum
1933 3392 2035 3471 (11,
2076 3395 2141 3472 8,
2190 3397 2257 3470 1)
2302 3395 2402 3459 ubi
2449 3394 2605 3458 haec

408 3501 832 3580 reperiuntur:
876 3517 1048 3578 „cum
1089 3500 1242 3561 haec
1284 3498 1693 3579 loqueremur,
1739 3502 1907 3563 uenit
1953 3519 1986 3564 a
2012 3500 2289 3565 Maenate
2330 3503 2602 3581 libertus,

409 3609 509 3689 qui
554 3606 718 3669 dicat
769 3605 887 3667 liba
928 3605 1202 3667 absoluta
1264 3621 1405 3668 esse
1451 3611 1514 3667 et
1554 3622 1683 3667 rem
1725 3604 1986 3669 diuinam
2027 3615 2317 3688 paratam,
2363 3608 2416 3670 si
2458 3607 2599 3670 uel-

404 3718 550 3795 lent,
584 3716 862 3777 uenirent
898 3714 1037 3777 illuc
1076 3720 1136 3775 et
1178 3714 1292 3795 ipsi
1319 3730 1429 3794 pro
1462 3731 1533 3777 se
1576 3714 2212 3793 sacrificarentun‘5.
2256 3715 2403 3778 Liba
2451 3730 2601 3777 uero

505 3989 561 4062 ⁴)
600 3987 900 4042 Pontedera
955 4003 1176 4056 quoque
1227 3987 1397 4058 (apud
1440 3948 1756 4041 Schneider.
1798 3988 1835 4040 1.
1877 3988 1942 4058 1.)
1982 3987 2116 4041 dicit
2150 3987 2337 4042 Palilia
2395 4004 2462 4039 eo
2503 3948 2595 4040 die

599 4084 871 4138 celebrata
908 4083 1077 4136 fuisse
1104 4081 1271 4134 licere
1308 4083 1581 4137 coniicere
1616 4099 1683 4137 ex
1719 4084 2001 4136 mentione
2044 4083 2170 4138 festi
2212 4083 2345 4148 diei,
2383 4083 2524 4137 facta
2560 4099 2594 4134 a

599 4181 799 4235 liberto
837 4179 1091 4235 Laenatis
1128 4177 1457 4250 (Maenatis).
