3025 4875
1267 363 1687 422 ...fl-.-

395 533 651 599 secundi
699 535 834 597 libri
877 549 1255 599 sermonesx‘
1287 550 1505 616 agmen
1558 532 1783 596 claudit
1827 532 2037 595 tertius
2080 531 2255 611 liber,
2299 537 2361 596 et
2402 549 2592 615 argu-

393 644 575 705 menti
619 650 678 704 et
727 644 1011 724 temporis
1055 643 1255 706 habita
1300 644 1556 705 ratione.
1600 642 1877 722 Magnum
1906 658 2078 722 ergo,
2122 658 2415 704 annorum
2464 642 2596 703 sci-

392 753 537 814 licet
576 752 823 814 circiter
840 751 975 813 XVI
1017 752 1392 815 interiectum
1424 757 1519 813 est
1559 751 1812 830 spatium
1860 750 2017 813 inter
2055 748 2175 812 hoc
2205 748 2366 830 quod
2406 748 2591 816 modo

400 858 853 939 explorauimus
891 865 1122 937 tempus
1166 860 1489 939 operisque
1533 858 1998 920 confectionem.

567 965 680 1041 Qu.
702 965 868 1028 Ἀωίο
911 974 1198 1029 senatore
1225 965 1691 1029 familiarissime
1728 983 1873 1028 usus
1902 972 1998 1028 est
2019 965 2211 1029 Varro
2240 964 2374 1044 (ΙΙΙ,
2394 967 2454 1041 2,
2477 967 2592 1041 1.).

400 1073 648 1154 Propter
687 1092 819 1136 eam
864 1092 1016 1151 rem,
1062 1080 1122 1136 et
1167 1092 1301 1136 cum
1331 1076 1579 1154 insuper
1617 1075 1708 1136 rei
1748 1074 2049 1136 uillaticae
2094 1072 2426 1136 admodum
2457 1072 2597 1135 fue-

396 1184 475 1244 rit
499 1181 596 1244 ille
625 1181 930 1244 studiosus
957 1181 1159 1259 (1122,
1190 1183 1319 1257 18.)
1361 1180 1635 1262 duasque
1661 1181 1834 1244 uillas
1877 1181 2223 1261 possederit
2259 1179 2395 1258 (ΙΙΙ,
2424 1181 2596 1259 2,9.)

401 1306 522 1351 non
544 1291 917 1370 ·potuitquin
945 1308 1105 1367 eum,
1135 1290 1234 1353 uel
1257 1289 1498 1351 nomine
1526 1290 1722 1351 minus
1757 1296 1894 1370 apto
1928 1288 2259 1370 praeditum
2296 1288 2355 1349 in
2398 1286 2597 1351 collo-

398 1399 602 1479 quium
635 1399 955 1479 reciperet.
981 1398 1180 1460 Facile
1208 1398 1377 1459 enim‘
1405 1399 1595 1478 potuit
1625 1397 1930 1475 accidere,
1975 1404 2041 1461 ut
2060 1414 2248 1480 aegre
2271 1397 2370 1459 ille
2411 1397 2601 1460 ferret

401 1524 471 1569 se
518 1506 717 1568 talium
767 1507 1144 1570 minutiarum
1180 1523 1363 1568 causa
1407 1521 1549 1569 esse
1591 1505 1948 1587 neglectum.
1996 1505 2160 1568 Idem
2190 1507 2381 1569 Axius
2421 1507 2602 1568 fene-

401 1620 572 1677 rator
631 1614 869 1677 uidetur
911 1614 1100 1677 fuisse
1160 1613 1316 1696 (Cic.
1369 1613 1475 1675 ad.
1529 1613 1654 1675 Att.
1702 1613 1747 1691 1,
1786 1615 1881 1692 12,
1927 1617 2037 1692 1.)‚
2095 1614 2422 1677 Ciceronis
2453 1631 2601 1695 per-

405 1720 736 1788 familiaris.
786 1721 926 1783 Tiro
969 1721 1334 1800 conscripsit
1374 1720 1687 1801 epistolam
1729 1720 1806 1782 ad
1845 1721 1902 1805 Q
1941 1722 2181 1798 Axium,
2230 1722 2465 1801 patroni
2508 1722 2604 1785 sui

402 1829 987 1906 familiarem-(Geli.
1036 1828 1209 1891 Noct.
1267 1828 1390 1890 Att.
1440 1829 1504 1908 7,
1548 1829 1608 1906 3,
1655 1827 1854 1909 paullo
1898 1834 2034 1909 post
2086 1830 2253 1907 init.)
2321 1835 2383 1891 et
2441 1829 2604 1910 apud

403 1938 653 2002 Sueton.
691 1936 890 2012 (suet.
934 1937 1108 2000 Caes.
1160 1935 1255 2013 9.)
1303 1940 1501 1999 exstat
1550 1937 1842 2017 epistolae
1887 1937 2199 2001 cuiusdam
2245 1937 2604 2000 Ciceronia-

408 2064 522 2108 nae
564 2045 639 2108 ad
670 2047 885 2107 Axium
932 2045 1199 2107 frustum.
1287 2044 1422 2126 Ipse
1460 2045 1631 2121 (Cic.
1659 2043 1895 2107 ad.Att.
1934 2045 2033 2122 111,
2066 2046 2162 2125 15,
2187 2046 2282 2124 3.)
2321 2035 2603 2109 Ciceroni

406 2154 647 2234 scripsit
722 2166 810 2225 (a.
846 2155 915 2217 'u.
961 2153 1137 2230 696.)
1202 2154 1371 2216 cuius
1427 2154 1761 2230 debitorem
1801 2151 1992 2218 fuisse
2046 2155 2264 2217 Axium
2305 2154 2464 2230 (Cic.
2504 2151 2604 2217 ad.

406 2263 528 2329 Att.
575 2261 655 2337 Χ,
704 2261 798 2338 11,
844 2264 917 2337 Ω)
963 2261 1205 2323 scimus,
1295 2260 1440 2324 Cum
1478 2261 1659 2337 Axio,
1699 2268 1765 2322 ut
1815 2279 1894 2324 ex
1938 2262 2215 2325 Varrone
2254 2261 2386 2338 (ΙΙΙ,
2434 2264 2491 2338 2,
2527 2261 2602 2338 3)

409 2371 700 2453 colligere
744 2368 885 2431 licet
924 2369 984 2431 in
1025 2369 1156 2432 eius
1196 2367 1334 2431 uilla
1370 2363 1631 2431 ‘Reatina
1676 2370 1825 2432 uixit
1865 2369 2080 2433 Cicero
2122 2370 2279 2446 (Cic.
2331 2369 2427 2437 ad.
2481 2372 2601 2433 Att.

408 2481 506 2559 lv,
566 2483 663 2556 15,
706 2482 778 2557 5)
848 2497 982 2541 cum
1042 2480 1101 2541 in
1145 2478 1457 2543 Reatinum
1519 2496 1588 2540 se
1632 2479 1988 2541 contulisset
2030 2486 2276 2560 propter
2307 2481 2604 2543 Reatino-

406 2606 536 2652 rum
582 2587 1181 2669 lnteramnatiumque
1247 2590 1702 2650 controuersias
1764 2598 1852 2665 (a.
1895 2606 1953 2650 u.
1986 2589 2160 2665 700).
2203 2591 2260 2650 in
2309 2607 2425 2669 qua
2472 2590 2601 2670 ipsa

406 2698 550 2761 uilla
587 2698 839 2779 Appium
882 2713 1121 2776 quoque
1165 2697 1297 2759 eius
1343 2696 1485 2758 anni
1516 2696 1825 2759 consulem
1873 2696 1950 2757 ob
2002 2696 2257 2758 eandem
2306 2697 2605 2759 Reatino·-

406 2824 535 2870 rum
562 2823 825 2869 causam
855 2804 1042 2866 Roma
1086 2804 1419 2885 profectum
1461 2810 1791 2887 exceperat
1830 2805 2022 2868 Axius
2068 2804 2200 2885 (ΙΙΙ,
2247 2811 2306 2883 2,
2346 2805 2442 2881 3.)
2485 2823 2603 2868 uua

408 2913 671 2976 fortasse
720 2931 853 2975 cum
899 2912 1216 2976 Cicerone.
1262 2912 1616 2975 Nominatur
1659 2919 1977 2993 praeterea
2021 2913 2212 2978 Axius
2258 2913 2416 2976 haud
2460 2930 2602 2976 raro

408 3022 563 3101 apud
624 3021 980 3084 Ciceronem
1051 3019 1162 3096 (ad
1223 3020 1345 3083 Att.
1387 3014 1466 3097 X,
1519 3021 1614 3096 13,
1655 3022 1712 3080 2.
1763 3022 1860 3098 15,
1926 3021 2068 3097 4.).,
2153 3022 2349 3095 Axiae
2404 3022 2607 3103 gentis

410 3128 750 3207 complures
795 3126 1072 3189 homines
1112 3125 1401 3188 exhibent
1451 3125 1741 3189 Gruterus
1784 3133 1846 3189 et
1883 3127 2265 3190 Muratorius.

581 3234 651 3300 L.
698 3233 1016 3297 Cornelius
1035 3231 1298 3310 Merula,
1339 3233 1646 3295 consulari
1688 3233 1909 3297 familia
1957 3241 2126 3298 ortus
2169 3233 2383 3316 (111‚4,
2421 3238 2607 3317 ἒβη.)

414 3345 662 3426 exponit
725 3343 803 3405 de
862 3343 1184 3406 ornithone
1243 3342 1305 3404 in
1378 3359 1497 3422 quo
1562 3342 1716 3406 turdi
1759 3351 1821 3406 et
1882 3344 2148 3408 merulae
2204 3346 2607 3410 includuntur.

412 3454 594 3518 Filius
636 3452 880 3516 uidetur
925 3451 1110 3515 fuisse
1148 3451 1213 3519 L.
1252 3450 1431 3523 Corn.
1460 3452 1722 3522 Merulae
1764 3453 2020 3516 flaminis
2066 3454 2258 3533 dialis,
2299 3472 2520 3535 quem,·
2549 3474 2607 3519 a.

411 3582 470 3627 u.
518 3561 638 3627 667
705 3559 1025 3625 Consulem
1070 3577 1321 3623 reuerso
1382 3560 1571 3623 Cinna
1618 3560 1830 3626 incisis
1872 3581 1909 3626 a
1954 3581 2025 3628 se
2067 3563 2201 3646 ipso
2229 3567 2402 3629 uenis
2443 3582 2612 3630 mor·-

334 3752 339 3758 r
417 3679 579 3737 tuum
621 3687 762 3733 esse
806 3675 1066 3732 constat.
1516 3694 1522 3695 f
2361 3666 2368 3671 ’

580 3778 805 3846 De-M.
846 3776 1132 3840 Petronio
1157 3775 1425 3840 Passer-e
1461 3796 1596 3841 cum
1636 3780 1858 3843 nullum
1892 3781 2052 3845 aliud
2095 3788 2292 3846 exstet
2331 3784 2611 3846 testimo-

419 3870 580 3952 nium
605 3933 624 3966 ‚
683 3887 933 3951 Vrsinus
973 3893 1267 3952 uetustam
1309 3887 1761 3967 inscriptionem
1802 3892 1876 3968 *J
1940 3899 2185 3956 secutus
2226 3893 2609 3957 Caetronium

521 4135 576 4207 4θ)
613 4136 684 4206 Q.
720 4137 1156 4194 CAETRONlVS
1193 4142 1261 4212 Q.
1317 4143 1376 4193 F.
1422 4142 1669 4194 PASSER
1726 4142 1781 4194 in
1830 4141 1945 4194 Vn.
1992 4137 2148 4192 Notis
2186 4136 2254 4188 acl
2295 4134 2413 4209 Cat.
2458 4134 2603 4191 Van.

616 4233 734 4288 Col.
773 4241 876 4287 etc.
949 4238 1153 4292 Romae
1193 4237 1347 4292 1587.
1384 4254 1440 4310 p.
1478 4236 1602 4291 102.
