3025 4875
1343 341 1767 404 „gom

457 513 609 565 theca
668 513 970 566 obtinuisse
1018 514 1384 566 Pontederam.
1483 515 1615 567 Cum
1655 515 1721 567 ad
1761 517 2055 584 Varronem
2098 525 2152 570 et
2189 518 2256 570 ad
2291 518 2650 573 Columellam

455 600 707 653 laudetur
759 618 788 652 a
849 602 1074 653 Ponted.
1142 601 1273 652 cod.
1315 602 1733 667 Ambrosianus,
1782 604 2027 656 diuersus
2066 622 2182 658 esse
2225 608 2445 660 uidetur
2482 609 2547 660 ab
2586 626 2651 660 eo

452 688 705 741 Varronis
742 688 931 740 codice
959 706 1118 759 quem
1156 688 1378 741 exbibet
1398 688 1774 742 Montfaucon.

850 846 1018 907 XXI.
1110 838 1592 907 Ambrosianus
1640 840 1716 907 B.

638 988 1040 1054 ΝΜοῐιῑιΐειιιεοιι,
1098 987 1238 1040 Bibl.
1287 989 1423 1045 Bibl.
1484 990 1541 1040 in
1598 990 1738 1041 Bibl.
1798 991 2039 1043 Ambros.
2084 993 2375 1046 Mediolan.
2434 1014 2485 1067 p.
2526 996 2644 1050 524.

449 1074 743 1140 „Varronis
774 1075 916 1158 lib-er
953 1074 1020 1124 de
1064 1091 1120 1126 re
1160 1077 1367 1125 rustica.
1410 1083 1598 1144 perg.“

838 1213 1038 1279 XXII.
1128 1193 1576 1278 Boi-bonicias:
1608 1210 1687 1279 A.

643 1345 839 1395 Ianelli
880 1342 1051 1395 Catal.
1107 1342 1246 1398 Bibl.
1287 1360 1425 1413 quae
1483 1345 1543 1394 in
1587 1343 1750 1411 Regio
1789 1309 2152 1412 Neapolitano
2206 1360 2394 1396 museo
2437 1343 2642 1398 Borbo—

444 1431 568 1482 nico
589 1437 894 1482 asseruatur
920 1448 974 1500 p.
999 1429 1106 1481 252
1140 1445 1259 1499 sqq.
1301 1426 1693 1481 CCCLxxvn.
1738 1430 1961 1493 „Codex
1988 1431 2425 1483 membranaceus
2460 1433 2516 1482 in
2555 1431 2643 1483 so·

442 1520 520 1570 lio
555 1519 755 1587 amplo,
795 1517 1107 1570 membrana
1131 1515 1323 1579 nitida,
1361 1516 1670 1568 charactere
1701 1517 1934 1570 rotundo
1983 1528 2038 1570 et
2075 1520 2308 1587 eleganti
2337 1519 2641 1589 descriptus

444 1605 658 1656 saeculo
701 1602 813 1654 XV.
889 1602 1308 1671 complectitur:
1352 1602 1404 1673 l)
1458 1603 1613 1653 Lucii
1670 1604 1811 1654 lunii
1868 1604 2135 1658 Moderati
2186 1606 2526 1657 Columellae
2572 1605 2640 1655 de

444 1708 500 1743 re
543 1691 738 1744 rustica
776 1690 942 1741 libros
982 1687 1094 1739 x11.
1133 1688 1332 1758 quibus
1372 1689 1641 1757 praefixus
1678 1689 1842 1740 index
1879 1692 2115 1760 capitum
2157 1691 2428 1743 librorum
2456 1693 2640 1742 subie-

443 1785 637 1846 ctaque
684 1776 927 1845 Epistola
964 1774 1177 1842 Georgii
1219 1774 1510 1844 (Merulae)
1559 1775 1909 1827 Alexandrini
1977 1778 2045 1828 ad
2090 1779 2422 1830 Dominicum
2465 1778 2639 1830 Geor-

442 1865 622 1932 gium,
664 1878 916 1936 quaeque
977 1862 1171 1928 legitur
1223 1862 1279 1912 in
1316 1860 1591 1929 aliquibus
1630 1861 1966 1915 Columellae
2001 1865 2349 1916 editionibus.
2423 1865 2480 1937 2)
2520 1865 2640 1916 Pal-

443 1951 575 2001 ladii
640 1949 834 2001 Rutilii
879 1949 1043 2000 Tauri
1104 1946 1394 1998 Aemiliani
1455 1947 1523 1997 de
1561 1964 1616 1998 re
1681 1949 1877 1999 rustica
1919 1950 2085 2001 libros
2128 1968 2226 2020 per
2268 1967 2476 2002 menses
2514 1952 2644 2003 anni

439 2036 776 2088 distributos.
863 2033 920 2102 3)
971 2033 1151 2084 Eiusd.
1213 2032 1444 2086 Palladii
1504 2033 1753 2084 libellum
1805 2035 1871 2086 de
1925 2037 2216 2104 insitione;
2278 2037 2519 2091 subiecta
2559 2045 2650 2090 est.

437 2123 681 2191 Epistola
719 2120 983 2172 Francisci
1026 2117 1243 2169 Colutia
1283 2120 1627 2170 Vercinensis
1668 2120 1735 2171 ad
1777 2121 2059 2172 NIcolaum
2102 2123 2297 2174 Ienson
2340 2122 2634 2175 Gallicum:

438 2216 494 2258 et
536 2222 676 2276 quae
714 2208 766 2257 in
804 2206 1004 2258 Paladii
1046 2205 1381 2256 editionibus
1418 2207 1636 2272 legitur.
1711 2205 1769 2274 4)
1814 2208 1884 2256 Μ.
1912 2206 2130 2259 Catonis
2176 2208 2229 2259 d.
2276 2227 2316 2259 r.
2356 2227 2394 2259 r.
2440 2209 2635 2260 librum

438 2295 705 2364 capitibus
749 2293 864 2344 161.
903 2299 1263 2354 constantem,
1303 2309 1529 2361 quorum
1568 2293 1803 2361 capitum
1843 2295 1992 2345 tituli
2033 2311 2137 2345 una
2163 2296 2379 2347 collecti
2414 2296 2641 2365 praefixi

435 2384 597 2433 etiam
637 2390 763 2453 sunt
800 2380 979 2432 libro:
1022 2380 1154 2449 quin
1204 2381 1509 2450 praeposita
1551 2381 1782 2448 epistola
1816 2381 2036 2450 Georgii
2081 2383 2375 2453 (Merulae)
2397 2383 2635 2436 Alexan·

437 2469 551 2520 ‹lini
590 2469 657 2520 ad
702 2471 913 2520 Petrum
948 2467 1186 2519 Priolum
1229 2467 1298 2517 de
1338 2469 1678 2518 enarratione
1715 2468 2065 2519 obscurarum
2102 2479 2158 2522 et
2195 2472 2486 2540 priscarum
2532 2489 2634 2523 uo·-

434 2574 553 2607 cum
591 2557 665 2606 M.
731 2553 989 2620 Catonis3
1054 2569 1195 2623 quae
1230 2550 1321 2602 hic
1375 2554 1552 2622 reipsa
1610 2552 1975 2606 subiiciuntur
2033 2564 2089 2607 et
2135 2557 2379 2627 quinque
2418 2560 2632 2610 circiter

432 2644 643 2714 paginis
694 2641 1035 2693 clauduntur.
1129 2641 1268 2692 Tum
1331 2639 1632 2690 adduntur:
1688 2642 2059 2694 enarrationes
2121 2643 2420 2694 dictionum
2458 2640 2630 2695 Marci

432 2730 687 2781 Varronis
726 2737 782 2780 et
818 2729 862 2780 si
899 2744 1041 2797 quae
1079 2726 1186 2776 alia
1224 2726 1464 2777 difficilia
1499 2735 1627 2778 sunt
1658 2728 1716 2777 in
1752 2728 2027 2796 Georgicis
2069 2738 2125 2781 et
2163 2730 2378 2782 circiter
2415 2730 2485 2782 24
2526 2748 2625 2800 pa·-

431 2817 571 2886 ginis
611 2815 984 2867 includuntur.
1057 2814 1114 2882 5)
1155 2813 1318 2862 Marci
1364 2811 1731 2869 Varronis,de
1768 2815 1844 2865 Re
1883 2817 2096 2866 Rustica
2136 2815 2306 2868 libros
2344 2825 2474 2881 tres,
2508 2815 2632 2887 qui-

429 2905 530 2955 bus
554 2890 777 2970 singulis
801 2900 1026 2970 praefixi
1058 2900 1290 2969 capitum
1325 2898 1502 2949 Tituli
1543 2915 1644 2948 una
1685 2898 1928 2966 collecti;
1972 2909 2082 2951 tum
2120 2903 2354 2970 praefixa
2385 2904 2626 2972 Epistola

432 2991 652 3057 Georgii
696 2988 988 3059 (Merulae)
1027 2984 1378 3037 Alexandrini
1435 2985 1500 3035 ad
1541 2985 1862 3037 Bernardum
1897 2988 2259 3039 Iustinianum
2299 2988 2366 3040 de
2406 2989 2630 3058 Georgi-

429 3080 503 3130 cis
541 3078 691 3129 libris
751 3074 973 3141 Catonis
1038 3081 1093 3125 et
1133 3070 1401 3124 Varronis.
1478 3072 1566 3123 Ad·
1601 3073 1797 3124 'calcem
1841 3074 1976 3125 haec
2027 3075 2294 3145 adscripta
2333 3077 2401 3127 ab
2442 3077 2630 3129 eadem

428 3184 608 3227 manu,
648 3181 753 3235 qua
795 3164 1081 3214 uniuersus
1123 3160 1305 3212 Codex
1347 3167 1428 3210 est
1476 3166 1748 3211 exaratus:
1798 3161 1938 3212 Diuo
1986 3161 2273 3213 Fernando
2312 3163 2438 3229 Regi
2479 3165 2635 3213 Arra·

430 3255 592 3323 gonio
632 3248 1041 3304 loanrainaldus
1081 3248 1333 3299 Mennius
1375 3247 1667 3298 Millesimo
1692 3284 1707 3311 ‚
1747 3246 2278 3318 quadringentesimo
2317 3246 2630 3300 Lxxxvltl

432 3339 578 3410 quod
618 3338 758 3390 bene
811 3345 1000 3398 uertat,
1039 3328 1390 3404 transcripsit.
1467 3334 1645 3384 Tituli
1683 3333 1951 3402 capitibus
1991 3351 2155 3403 saepe
2192 3335 2392 3386 adsunt
2443 3336 2629 3387 colore

431 3427 612 3490 rubro,
640 3426 853 3495 saepius
891 3424 1108 3475 desunt.
1147 3423 1381 3471 Litterae
1437 3420 1677 3470 initiales
1715 3436 1900 3472 omnes
1944 3421 2305 3489 pulcherrime
2343 3424 2618 3491 expictae,

429 3515 612 3584 plures
638 3530 766 3564 auro
807 3514 970 3563 etiam
1007 3509 1330 3578 conspicuae
1373 3543 1386 3556 .
1431 3540 1446 3556 .
1490 3543 1503 3557 .
1547 3542 1564 3556 .
1599 3542 1612 3556 .
1652 3542 1666 3558 .
1699 3540 1715 3557 .
1760 3507 1819 3558 V.
1856 3509 1917 3559 A.
1970 3510 2060 3559 5.⁶⁶

626 3613 943 3668 Conferenti
984 3613 1117 3664 mihi
1154 3628 1216 3662 ea
1259 3627 1398 3681 quae
1440 3609 1604 3660 Gesn.
1642 3610 1811 3679 praef.
1854 3611 1895 3682 §.
1929 3612 2065 3664 XIV.
2097 3611 2166 3663 de
2209 3611 2338 3664 edit.
2378 3613 2625 3682 principe

428 3707 600 3757 relata
637 3701 822 3765 habet,
863 3700 1089 3751 dubium
1129 3698 1385 3760 nonfuit,
1426 3696 1561 3766 quin
1588 3697 1677 3747 hic
1722 3697 1894 3749 codex
1922 3699 2011 3749 uel
2053 3716 2119 3750 ex
2153 3698 2401 3769 principe
2436 3700 2525 3751 vel
2566 3716 2631 3752 ex

430 3809 540 3844 una
582 3791 826 3842 alteraue
863 3787 1085 3838 duarum
1130 3785 1253 3836 edd.
1298 3800 1436 3854 quae
1474 3785 1777 3853 principem
1814 3794 2120 3855 sequuntur
2159 3794 2300 3836 esset
2332 3786 2634 3856 descriptus

427 3879 674 3950 quamuis
741 3892 921 3926 earum
995 3873 1200 3923 nullam
1261 3872 1611 3940 inspexerim.
1697 3870 1851 3940 Quae
1891 3874 2031 3922 enim
2076 3872 2224 3935 illae,
2260 3871 2351 3924 bic
2387 3874 2634 3926 continet

427 3968 626 4030 omnia,
663 3964 754 4015 uel
791 3960 1053 4032 epistolas
1093 3975 1233 4029 quae
1278 3956 1345 4023 de
1385 3957 1599 4008 edendo
1640 3974 1805 4027 opere
1851 3967 1977 4009 sunt
2014 3961 2368 4028 conscriptae.
2412 3962 2631 4013 Prorsus

426 4063 488 4107 ut
528 4052 797 4105 editiones
833 4066 863 4100 e
901 4049 1119 4115 Georgii
1183 4045 1424 4097 Merulae
1469 4044 1824 4096 Alexandrini
1885 4046 2104 4097 nomine
2143 4048 2381 4098 medium
2425 4050 2633 4102 omittit

426 4139 770 4192 uocabulum.
858 4137 1187 4208 Scriptorum
1250 4131 1470 4204 quidem
1539 4130 1673 4183 ordo
1729 4134 1785 4184 in
1837 4131 2034 4185 codice
2073 4134 2210 4187 alius
2253 4143 2336 4188 est
2371 4143 2539 4207 atque
2575 4138 2631 4187 in

427 4225 777 4279 editionibus.
