3025 4875
1319 359 1726 417 ..12-

441 535 826 598 scribendum
871 538 1081 596 censet
1123 549 1234 614 pro
1259 531 1557 596 Petronio.
1646 533 2049 617 Glandorpius
2089 554 2329 622 quoque
2375 541 2642 608 Cetronii

447 643 716 710 Passeris
750 640 1115 722 epitaphium
1162 641 1441 703 exhibet.·
1512 642 2084 725 Cetronia·e·gentis
2128 647 2295 727 haud,
2348 665 2486 712 rara
2529 670 2645 714 ue-

438 753 635 832 stigia.
723 751 896 829 Apud
943 750 1128 812 Tacit.
1174 748 1353 827 (Hist.
1404 749 1498 828 lv,
1547 751 1682 827 50.)
1741 758 1835 813 est
1891 753 2202 817 Petronius
2265 743 2538 837 quidam:
2582 762 2641 822 in

436 860 928 939 inscriptionibus
989 859 1330 939 complures
1393 859 1525 920 eius
1570 861 1828 922 nominis
1890 865 2287 942 reperiuntur.
2373 867 2642 931 Passeris

432 977 643 1033 tamen
678 985 1021 1051 cognomen
1078 968 1196 1030 hac
1237 969 1297 1030 in
1330 975 1516 1051 gente
1562 985 1757 1048 aeque
1796 976 1975 1052 atque
2033 972 2096 1034 in
2139 973 2420 1037 Petronia
2475 993 2634 1037 nus-

437 1096 616 1162 quam
663 1076 885 1138 inveni.

606 1184 925 1247 Fircellius
964 1183 1157 1263 Pauo,
1206 1192 1269 1247 ut
1314 1183 1614 1267 Murrius,
1662 1185 1967 1253 Reatinus.
2056 1188 2245 1250 Recte
2291 1190 2633 1253 Schneide..

431 1265 534 1355 rus
579 1299 783 1355 monet
830 1310 866 1354 e
910 1292 1006 1370 111,
1051 1295 1107 1369 2,
1168 1293 1263 1355 14.
1307 1293 1443 1354 coll.
1494 1310 1629 1355 cum
1678 1291 1773 1371 111,
1812 1289 1872 1370 4,
1895 1295 1979 1355 2.
2025 1294 2229 1377 colligi
2270 1313 2454 1380 posse
2500 1316 2633 1359 ma-

370 1419 376 1424 ·
428 1408 712 1464 terteram
741 1401 1032 1464 Varronis
1055 1401 1386 1463 Fircelliam
1432 1400 1624 1463 fuisse
1671 1402 1991 1481 quandam,
2042 1411 2296 1482 eamque
2338 1421 2448 1483 pro
2495 1404 2631 1466 Fir-

431 1511 590 1572 cellii
637 1511 900 1574 Pauonis
946 1509 1181 1574 Reatini
1229 1511 1685 1592 consanguinea
1746 1527 1869 1572 non
1935 1512 2148 1592 inepte
2180 1512 2410 1575 haberi.
2497 1515 2631 1580 Fir-

431 1618 590 1681 cellii
639 1635 860 1684 nomen
909 1626 1077 1682 extra
1099 1621 1430 1682 Varronem
1479 1637 1601 1682 non
1643 1613 1900 1701 repperi.
1948 1620 2218 1699 111,6,1.
2265 1621 2341 1728 de
2387 1640 2624 1705 cogno-

430 1728 609 1790 minis
656 1728 1120 1808 significatione,
1162 1729 1226 1789 ut
1267 1727 1515 1807 assolet,
1557 1728 1822 1808 loquitur
1867 1727 2080 1791 Varro.

623 1836 876 1898 Minucii
918 1853 1170 1917 quoque
1214 1835 1399 1898 Picae
1465 1839 1758 1900 memoria
1801 1837 1979 1899 ualde
2024 1838 2306 1914 obscura,
2359 1840 2631 1920 quamuis

424 1945 804 2007 Minutiorum
873 1952 1118 2027 gentem
1201 1944 1540 2007 admodum'
1605 1945 1792 2007 fuisse
1868 1944 2133 2007 nobilem
2204 1946 2362 2050 inter
2413 1964 2626 2011 omnes

425 2059 682 2116 constet.
1514 2065 1522 2070 ’
2384 2093 2390 2098 -
2629 2059 2636 2064 ⁷

598 2161 704 2222 vel
746 2161 987 2223 nuntius
1033 2165 1130 2240 qui
1184 2160 1615 2239 (111‚5,18.)
1678 2179 1805 2223 rem
1862 2161 2160 2243 ingratam
2221 2162 2416 2242 affert,
2461 2162 2624 2225 Pan·

423 2268 685 2331 balacius
726 2267 932 2330 Parra
965 2268 1241 2330 consulto
1266 2286 1300 2330 a
1332 2269 1606 2330 Varrone
1642 2268 1873 2331 electus
1919 2275 2031 2348 est,
2073 2287 2207 2331 cum
2224 2279 2426 2350 par'ra
2473 2286 2622 2354 pro-

423 2378 551 2457 prie
593 2377 890 2459 significet
939 2377 1078 2440 mali
1124 2377 1341 2447 ominis
1391 2394 1588 2481 auem.
1678 2376 2061 2441 Pantulaeios
2105 2385 2419 2497 praeterea
2468 2379 2658 2442 duos*

297 2496 301 2500 ’
420 2492 644 2613 tantum
691 2486 847 2567 apud
889 2488 1203 2553 Gruterum
1246 2486 1386 2568 legi.

530 2594 804 2675 ltaque
833 2612 964 2676 pro
996 2601 1175 2661 certo
1218 2600 1480 2656 statuere
1546 2593 1689 2656 licet
1728 2595 2082 2699 scriptorem
2128 2598 2369 2657 nomina
2412 2586 2617 2674 rebu3‚

418 2708 696 2783 quantum
729 2705 874 2765 eius
916 2703 1047 2765 fieri
1090 2706 1285 2782 potuit
1321 2678 1843 2765 accommodasse.
1957 2704 2037 2765 At
2082 2702 2339 2765 alteram
2373 2704 2619 2811 insuper

326 2798 332 2803 ’
420 2812 612 2874 Varro
657 2808 771 2873 sibi
818 2811 1057 2892 scripsit
1093 2810 1311 2892 legem,
1332 2817 1418 2872 -ut
1458 2810 1737 2884 homines
1770 2803 2028 2902 semper
2050 2828 2125 2872 eo
2136 2809 2467 2875 uocabulo
2502 2802 2617 2892 ap-

419 2920 689 3000 pellaret,
734 2920 896 2999 quod
944 2919 1388 3001 significatione
1434 2936 1544 2980 sua
1593 2917 1666 2980 ad
1713 2936 1837 2980 rem
1867 2912 2071 2979 facere
2111 2918 2444 2980 uideretur.
2493 2920 2618 2981 lla-

417 3046 533 3110 quc
574 3013 748 3108 prout
792 3045 893 3089 res
948 3027 1104 3101 fert,
1146 3034 1245 3090 aut
1296 3029 1588 3105 nomine,
1624 3033 1722 3089 aut
1754 3027 2168 3118 praenomine,
2206 3022 2309 3088 aut
2350 3024 2626 3109 'denique‘
2661 3046 2680 3049 ‘⁷

419 3128 1021 3218 cognomine'uti'tur.
1069 3137 1397 3216 Nusquam,
1443 3134 1646 3201 uthoc
1687 3142 1837 3212 utar,
1861 3134 2135 3216 Appium,
2183 3135 2297 3198 nisi
2338 3126 2609 3215 praeno-4

414 3247 595 3323 mine,
638 3263 927 3325 nusquam
961 3246 1306 3327 Agrasium‘‚
1345 3229 1635 3325 Agrium,
1661 3244 2048 3321 Fundanium,
2097 3244 2274 3322 alioS‚
2316 3236 2436 3323 nisi
2480 3261 2601 3306 no-·
2639 3318 2644 3323 ‚

413 3357 597 3434 mine,
614 3340 1208 3436 nusquam'Atticum‚
1229 3353 1553 3437 Pdauonem,
1571 3351 1878 3433 Merulam,
1905 3351 2082 3433 alios,
2109 3352 2224 3413 nisi
2251 3353 2613 3434 cognomine

385 3462 685 3534 denotat.
775 3460 920 3523 Cum
963 3463 1407 3541 uero'primum
1466 3461 1735 3542 legerem
1769 3459 2114 3522 Varronem
2161 3459 2428 3521 editione
2468 3474 2613 3521 usus

414 3570 730 3650 Bipontina
780 3570 1006 3650 scriptt.
1052 3589 1102 3632 r.
1151 3575 1298 3632 ru'st.
1341 3570 1554 3632 mirum
1598 3570 1791 3641 uisum
1836 3574 1928 3630 est
1972 3568 2290 3649 aliquoties
2333 3565 2443 3649 pro
2468 3569 2621 3663 Sto-

416 3679 559 3741 lone
604 3686 665 3741 et
706 3679 919 3743 Scrofa
964 3673 1205 3741 exstare
1244 3679 1538 3741 Licinium
1571 3678 1666 3740 'et'
1707 3676 2115 3744 Tremellium·
2190 3676 2479 3737 Omnibus
2521 3674 2615 3736 his
2683 3735 2688 3740 .
2733 3656 2736 3659 ’

413 3788 569 3851 locis
612 3794 714 3850 aut
756 3786 1037 3850 mutanda
1065 3793 1168 3849 aut
1192 3786 1498 3850 eiicienda·
1524 3770 1743 3851 censui
1774 3784 1930 3846 haec
1960 3785 2222 3874 nomina,
2262 3800 2394 3854 cum
2423 3784 2615 3862 Scro-
2677 3871 2681 3874 Α

412 3899 512 3960 sae
554 3912 895 3979 cognomen
937 3897 997 3958 in
1047 3896 1217 3958 libris
1266 3896 1501 3959 duobus
1528 3894 2078 3977 *prioribusuicies
2121 3899 2181 3954 et
2219 3884 2359 3969 bis,
2403 3879 2662 3955 Stolo-s
2781 3884 2788 3891 ’

414 4007 506 4071 nis
551 4008 613 4068 in
657 4006 852 4087 primo
896 4006 1102 4066 sexies
1157 4004 1367 4069 decies
1428 4003 1813 4083 reperiretur
1919 4000 2092 4076 Quod
2135 4016 2283 4063 uero
2328 3999 2410 4077 lt,
2446 3998 2608 4073 4,1.

408 4112 757 4176 Tremellius
799 4112 1037 4190 dicitur,
1074 4114 1174 4195 qui
1219 4110 1499 4197 alioquin
1522 4102 1759 4186 Scrofa,
1804 4116 2026 4172 tantum
2072 4109 2248 4177 abest
2288 4114 2352 4170 ut
2394 4113 2607 4169 contra

410 4239 608 4284 meam
643 4222 825 4285 faciat
871 4224 1308 4301 coniecturam,
1351 4228 1414 4284 ut
1454 4238 1588 4289 eam
1627 4221 1924 4284 sustineat
1984 4226 2046 4282 et
2088 4219 2421 4317 confirmet,
2466 4235 2599 4279 cum
