3025 4875
1301 311 1718 368 ...ze-.-

410 486 556 537 servi
596 486 634 536 il
674 483 980 537 dottissimo
1028 481 1323 536 Pontedera
1366 497 1465 553 per
1502 489 1727 534 sovente
1767 484 2101 534 riconoscere
2140 483 2193 533 la
2233 499 2355 534 vera
2405 484 2617 542 lezione

407 573 462 623 di
502 561 688 643 quegli
728 573 915 623 Autori
959 569 1028 622 etl
1071 570 1455 622 ammendarue
1494 571 1546 621 le
1575 579 1780 640 stampe
1819 570 1917 621 che
1954 572 2105 621 troxo
2142 569 2275 621 ass‘ai
2317 579 2606 626 scorrette:

407 659 853 711 communicando
884 658 1053 710 anche
1096 658 1146 709 le
1173 659 1470 709 correzioni
1513 675 1668 726 prese
1708 657 1796 708 del
1837 658 2133 727 esemplare
2172 667 2339 709 stesso
2369 659 2600 711 aGiam-

402 755 607 798 matteo
648 747 890 796 Gesnero
936 745 974 795 il
1013 746 1175 813 quale
1219 746 1364 795 nella
1404 762 1582 796 nuova
1624 744 1870 795 edizione
1920 744 1975 795 di
2019 744 2199 813 quegli
2238 747 2411 795 autori
2457 746 2590 797 satta

398 836 458 887 in
494 834 673 903 Lipsia
714 835 894 885 l’anno
946 833 1081 886 1735
1138 840 1360 884 sovente
1413 831 1464 882 fa
1523 849 1618 882 uso
1690 831 1780 882 del
1841 832 2029 883 codice
2074 840 2317 882 nostro.“
2366 832 2595 900 Duplice

398 921 560 972 huius
622 922 822 972 codicis
884 919 1178 971 collatione
1224 922 1393 970 utitur
1434 919 1757 992 Pontedera,
1810 920 1979 971 altera
2016 936 2047 969 a
2090 937 2148 971 se
2190 921 2307 988 ipso
2346 920 2596 969 instituta

398 1011 456 1061 in
494 993 892 1078 Antiquitatum
960 1010 1068 1058 Lat.
1128 1006 1554 1075 Graecarumque
1616 1012 1845 1057 enarrat.
1893 1005 2045 1057 1740.
2104 1006 2321 1076 (p.225.
2379 1023 2463 1075 ep.
2501 1004 2594 1059 lll-

403 1097 606 1158 „nutrita
634 1096 880 1148 Venetiis
908 1112 1026 1145 cum
1052 1096 1278 1165 antiquo
1302 1095 1365 1147 D.
1392 1093 1555 1144 Marci
1584 1093 1874 1162 exemplari
1902 1094 2171 1160 contuli“)
2201 1093 2377 1143 'altera
2399 1092 2466 1143 de
2488 1109 2595 1161 qua

401 1182 656 1235 Schneid.
701 1182 877 1250 (Tom.
901 1179 990 1233 lv.
1035 1182 1171 1236 Part.
1210 1181 1493 1249 posterior.
1534 1197 1588 1248 p.
1609 1178 1685 1249 6)
1729 1178 1860 1229 haec
1892 1178 2056 1229 babet
2094 1188 2345 1248 excerpta
2388 1196 2417 1229 e
2458 1179 2597 1229 Pon«.-

401 1270 621 1322 tederae
663 1269 910 1339 epistolis
947 1275 1002 1319 et
1054 1267 1290 1321 dissertt.
1327 1267 1591 1337 postumis
1634 1265 1784 1316 1791.
1824 1284 1853 1317 a
1897 1266 2100 1317 Bonato
2150 1265 2341 1317 editis·
2390 1302 2423 1328 ‚,
2410 1267 2600 1326 ,Anto-

399 1358 523 1410 nius
566 1357 934 1410 Bonioannius
962 1354 1428 1429 (Buongiovanni)
1464 1361 1638 1404 totum
1694 1352 1751 1402 D.
1795 1336 1961 1402 Marci
1999 1349 2373 1403 Bibliothecae
2411 1352 2595 1403 Vene-

402 1452 515 1497 tum
556 1443 797 1495 codicem
835 1459 953 1494 cum
978 1441 1249 1510 Lipsieusi
1292 1440 1536 1491 editione
1576 1438 1911 1511 comparauit
1949 1440 2005 1492 in
2043 1457 2192 1494 usum
2221 1439 2556 1490 Pontiderae.
2562 1446 2599 1475 ‘⁴

805 1615 915 1676 XI.
1003 1597 1361 1675 Caesenas.

593 1757 1143 1824 MaccioloCatalog.
1207 1755 1369 1808 codd.
1416 1771 1549 1806 mss.
1592 1756 1967 1807 Malatestinae
2018 1756 2324 1806 Caesenatis
2360 1755 2498 1810 Bibl.
2536 1773 2593 1825 p.

403 1844 530 1897 167:
567 1846 824 1908 „Pluteus
862 1844 1051 1896 XXIV.
1106 1844 1161 1892 in
1205 1844 1269 1892 11.
1350 1844 1401 1913 1)
1444 1842 1499 1892 L.
1558 1843 1699 1914 lunii
1739 1842 2004 1892 Moderati
2054 1843 2391 1893 Columellae
2429 1843 2497 1893 de
2529 1841 2593 1894 're

401 1931 603 1982 rustica
638 1929 767 1983 libri
798 1928 1039 1999 x11.2)
1076 1929 1149 1981 M.
1175 1928 1393 1979 Catonis
1430 1927 1497 1978 de
1536 1931 1610 1979 Re
1625 1929 1868 1978 Rustica.
1908 1919 2066 1979 Liber
2106 1928 2174 1978 ad
2217 1929 2382 1978 filium
2422 1938 2596 1982 suum

397 2017 455 2087 3)
500 2017 571 2069 M.
610 2016 857 2067 Terentii
897 2014 1155 2066 Varronis
1199 2015 1388 2063 Rerum
1448 2013 1772 2065 Rusticarum
1810 2013 1876 2067 de
1934 2015 2260 2081 agricultura
2304 2014 2443 2065 liber
2479 2015 2594 2082 pri-

398 2120 515 2155 mus
560 2103 795 2153 feliciter
840 2100 1049 2169 incipit.
1083 2100 1282 2151 r'ubris
1340 2099 1740 2151 character-ibus
1794 2100 1928 2151 haec
1981 2102 2181 2169 scripta
2235 2109 2382 2152 sunt.
2451 2102 2594 2153 'rum

400 2207 530 2241 uero
568 2188 798 2240 habetur
851 2188 1111 2259 Prologus
1158 2185 1446 2249 eiusdem,
1489 2189 1641 2239 cuius
1679 2188 1932 2238 initium·
1990 2190 2160 2239 Totus
2198 2206 2365 2239 essem
2403 2204 2595 2238 conse-
2665 2238 2671 2242 ,

398 2286 552 2329 cutus
589 2285 692 2331 etc.
752 2276 941 2326 Finis.
988 2291 1142 2350 quae
1186 2259 1302 2343 ipse
1354 2277 1413 2325 in
1450 2277 1590 2337 meis
1636 2275 1814 2326 fundis
1871 2274 2099 2325 colendo
2139 2274 2497 2325 animaduerti
2539 2282 2595 2325 et

401 2382 541 2441 qnae
584 2365 729 2432 legi,
765 2371 842 2414 et
866 2375 1006 2435 quae
1045 2360 1310 2430 adspicis.
1352 2362 1559 2418 audiui.
1617 2364 1830 2414 Lemma
1868 2363 2089 2416 sec‘undi
2128 2363 2253 2417 libri
2277 2363 2365 2412 ita
2404 2378 2461 2412 se
2500 2360 2591 2412 of·
2659 2406 2664 2412 ,
2709 2364 2715 2368 “

401 2455 543 2505 sert:
583 2452 941 2519 M.,Terentii
971 2450 1222 2502 Varronis
1264 2467 1436 2500 rerum
1482 2452 1794 2501 rusticarum
1831 2450 1901 2500 ‘de
1943 2469 1996 2501 re
2037 2452 2289 2518 pecuaria
2325 2450 2465 2501 liber
2500 2467 2591 2501 π-

406 2538 615 2591 cundus
653 2540 849 2610 incipit
872 2536 1107 2593 feliciter
1142 2537 1210 2588 ad
1235 2539 1595 2589 Turranninm
1626 2539 1853 2605 nigrum.
1896 2538 2038 2589 Haec
2067 2539 2345 2608 inscriptio
2384 2526 2602 2589 maius-⁴

412 2690 894 2716 q.——--—-..-a-

595 2786 724 2851 stor.
773 2814 803 2847 a
846 2795 1064 2850 Barthio
1101 2797 1158 2846 in
1189 2794 1497 2868 Aduersarr.
1545 2812 1573 2844 a
1615 2787 1865 2850 Schneid.
1914 2800 1971 2851 in
2026 2800 2109 2851 ed.
2138 2799 2260 2850 serr.
2307 2816 2347 2850 r.
2387 2818 2427 2851 r.
2470 2809 2524 2852 et
2561 2819 2594 2851 a

599 2882 755 2935 Vino.
810 2882 978 2933 Deuit
1032 2882 1239 2933 Patauii
1280 2877 1520 2932 seorsum
1569 2882 1726 2954 edit.)
1766 2884 1924 2937 facile
1973 2886 2094 2954 quis
2136 2878 2450 2936 confundet.
2525 2887 2594 2938 At

542 3028 547 3034 .
596 2977 742 3033 sunt,
781 2977 842 3021 ut
878 2968 1128 3019 discimus
1185 2985 1250 3018 ex
1291 2968 1451 3018 catal.
1499 2968 1654 3025 codd.
1692 2976 1814 3023 mss.
1857 2969 2226 3027 bibliothecae
2265 2972 2413 3039 Regii
2441 2973 2590 3031 Tau.-

586 3057 817 3109 rinensis
870 3048 1134 3110 Athenaei
1186 3055 1271 3105 ed.
1328 3055 1497 3107 Pasin.
1538 3041 1802 3112 Varronis,
1849 3042 1967 3126 (qui
2026 3058 2168 3109 idem
2222 3067 2278 3110 et
2327 3060 2587 3110 Vari-inus

549 3200 557 3207 ·
602 3147 895 3199 etwarro·
927 3151 981 3194 et
1021 3144 1229 3195 Guarro
1270 3144 1602 3213 nominatur)
1659 3147 2029 3196 commentarii
2065 3147 2121 3196 in
2160 3150 2402 3217 quatuor-
2428 3147 2599 3198 libros

593 3232 999 3285 sententiarum‘*
1028 3230 1272 3297 Magistri
1324 3232 1714 3283 sententiarum
1769 3233 1931 3300 (Petri
1981 3234 2312 3305 Lombardi).
2388 3234 2454 3284 Et
2506 3241 2590 3283 est

596 3336 752 3370 cum
746 3318 1158 3373 sententiarum
1210 3315 1567 3381 Lombardi‚
1605 3326 1720 3368 tum
1774 3335 1962 3370 eorum
2022 3322 2100 3371 in
2139 3338 2229 3372 eas
2266 3321 2590 3389 scriptorum

502 3400 507 3405 ’
597 3406 1144 3466 commentariorum,
1188 3421 1418 3473 quorum
1457 3413 1673 3456 exstant
1707 3391 1960 3475 plurimi,
2016 3408 2149 3458 ratio
2188 3424 2290 3471 ea,
2333 3417 2411 3469 ut,
2451 3424 2595 3476 quae

595 3492 851 3544 dicuntur
887 3477 1144 3545 Vari-onis
1173 3492 1398 3546 Reatini
1451 3492 1756 3545 sententiae
1814 3494 1932 3563 (seu
1969 3495 2281 3564 -prouerbia,
2320 3502 2382 3545 ut
2417 3494 2594 3545 nomi-

595 3588 794 3636 nantur
848 3582 905 3630 in
938 3578 1109 3631 Catal.
1173 3597 1294 3631 mss.
1333 3580 1560 3648 Angliae
1613 3590 1674 3633 et
1714 3581 2009 3633 Hiberniae
2063 3591 2119 3634 et
2159 3583 2216 3634 in
2252 3581 2430 3633 indice
2468 3597 2593 3631 mss.

594 3667 851 3719 biblioth.
909 3668 1282 3736 Reg.·Paris.)
1335 3669 1511 3721 nullo*
1547 3686 1761 3737 prorsus
1833 3669 1994 3720 modo
2052 3686 2118 3720 ex
2181 3667 2267 3719 his
2327 3667 2592 3719 Guilelmi

598 3754 850 3821 Varronis
886 3756 1096 3826 scriptis
1129 3756 1339 3824 possint
1379 3772 1497 3807 esse
1516 3755 1824 3807 zlesumtae.
1898 3755 2090 3826 Quid?
2118 3754 2265 3825 quod
2292 3748 2394 3823 ipsi
2434 3754 2615 3806 huius·

596 3842 691 3897 rei·
716 3850 957 3893 auctores
997 3842 1282 3910 ambigunt
1321 3851 1498 3895 utrum
1532 3844 1775 3911 *aequalis
1806 3843 2142 3905 suerit‘Guil.
2172 3842 2426 3893 Varronis
2453 3842 2592 3893 Vin-
2620 3881 2628 3889 .

598 3930 808 3981 centius
846 3922 1118 3986 Bellonae.-
1179 3945 1247 3979 an
1305 3937 1484 3981 aetate
1548 3945 1670 3979 eum
1725 3931 2119 3998 praecesserit.·
2179 3928 2258 3981 De
2297 3927 2403 3980 hoc
2446 3928 2599 3978 Guil.

595 4019 839 4070 Varrone
898 4013 1101 4066 uidesis
1157 4014 1420 4069 Annales
1452 4016 1721 4066 Minor-um
1778 4025 1997 4072 auctore
2062 4015 2372 4083 Wadingo,
2421 4008 2600 4079 Lugd

604 4104 756 4161 1628.
794 4105 952 4156 ‘lom.
984 4096 1050 4156 11.
1091 4120 1145 4173 Ρ.
1167 4101 1291 4154 338.
1333 4110 1388 4153 et
1425 4103 1686 4181 imprimis
1715 4102 2324 4155 Oudinicommentarr.
2363 4100 2430 4154 de
2466 4100 2597 4153 scri-
2641 4116 2646 4123 ·

604 4195 772 4268 ptorr.
813 4188 1072 4272 ecclesiae
1110 4184 1354 4282 antiquis
1388 4184 2060 4259 Lips.1722.'r0m.111.
2106 4204 2159 4262 Ρ
2198 4175 2319 4242 567.
2494 4183 2501 4190 ’
