3025 4875
434 525 704 578 Politiano
746 540 866 575 cum
906 523 1229 575 lensoniana
1258 521 1499 575 editione
1538 522 1797 572 collatum
1834 536 1962 580 esse,
1988 525 2218 583 constet,
2255 514 2417 569 etiam
2456 516 2625 568 de-eo

436 613 644 676 ualent,
683 629 821 683 quae
864 610 931 662 ad
960 611 1344 662 Laurentianos
1382 610 1450 661 de
1472 610 1733 672 victorio,
1763 608 1925 676 plagii
1968 614 2235 670 accusato,
2273 614 2400 660 sunt.
2436 604 2622 655 relata.

631 697 865 751 Videtur
927 697 1299 770 Bibliothecae
1355 697 1483 747 Diui
1533 695 1698 747 Marci
1749 695 2099 746 Florentinae
2130 691 2386 742 memoria
2429 689 2624 740 nostris

437 765 771 855 temporibus
810 786 998 854 paullo
1042 799 1155 838 esse
1193 785 1506 834 obscurata:
1548 783 1887 851 similemque
1937 797 2052 831 esse
2082 795 2318 829 caussam
2357 778 2551 827 erroris
2592 792 2624 825 a

439 871 684 923 Fabricio
730 874 784 922 in
820 872 955 922 bibl.
995 873 1171 923 Lati'n.
1219 870 1483 921 commissi
1529 869 1660 921 lieet.
1710 869 1987 937 suspicari.
2091 864 2246 919 Fabr.
2284 865 2426 914 enim
2466 861 2625 913 huius

435 958 690 1013 biblioth.
730 953 1085 1012 Columellam
1127 957 1265 1009 salso
1301 959 1441 1008 inter
1463 959 1758 1008 marcianae
1777 956 2021 1008 Venetae
2058 953 2227 1004 libros
2266 950 2447 1012 refert,
2484 965 2623 1017 qua·

430 1054 655 1115 propter
691 1063 721 1095 a
748 1044 980 1096 Gesnero
1020 1046 1212 1115 (praef.
1244 1045 1284 1117 §.
1307 1046 1452 1114 Vll.)
1492 1042 1763 1095 refellitur
1799 1043 1892 1113 qui
1923 1041 2118 1096 docere
2159 1051 2353 1107 operae
2390 1036 2621 1105 pretium

429 1133 600 1184 habet
627 1134 916 1184 Florentiis
955 1150 1173 1203 quoque
1210 1133 1315 1183 coli
1357 1133 1764 1200 euangelistam.
1818 1131 1898 1180 De
1939 1128 2039 1179 hac
2072 1126 2306 1178 bibloth.
2350 1124 2621 1175 Marciana

430 1219 747 1271 Florentina
791 1230 1076 1284 accurate,
1118 1223 1176 1272 ut
1218 1218 1671 1286 assoletsuideas
1715 1218 2068 1269 disserentem
2109 1218 2344 1275 Roscoe‚
2390 1210 2484 1262 the
2521 1208 2619 1259 life

432 1305 496 1358 of
522 1293 761 1367 Lorenzo
809 1306 898 1360 de’
930 1306 1133 1359 Medici
1173 1308 1329 1359 Tom.
1378 1308 1420 1369 1,
1453 1306 1629 1377 chapt.
1667 1303 1707 1355 1.
1747 1322 1801 1378 p.
1835 1303 1908 1355 40
1948 1320 2068 1374 sqq.
2113 1301 2198 1352 ed.
2240 1300 2397 1351 Basil.

825 1498 901 1560 11.
987 1463 1482 1559 Laurentianus·
1521 1488 1602 1558 A.

622 1672 870 1726 Bandini.
909 1673 1079 1726 Catal.
1126 1671 1263 1726 Bibl.
1307 1672 1454 1724 Med.
1491 1674 1651 1724 Laur.
1689 1672 1756 1723 11.
1803 1688 1856 1740 p.
1904 1668 1988 1723 74.
2029 1670 2168 1722 Plut.
2195 1668 2355 1720 XXX.
2397 1663 2528 1718 Cod.
2551 1667 2614 1723 X.

422 1761 681 1828 „vitrum
714 1761 791 1826 ,le
834 1760 1210 1812 architectura.
1286 1760 1420 1813 Cato
1466 1759 1534 1811 de
1583 1777 1623 1810 r.
1665 1776 1706 1810 r.
1749 1759 1822 1809 Μ.
1864 1757 2108 1830 Terentii
2147 1755 2400 1807 Varronis
2440 1772 2616 1807 rerum

423 1848 740 1899 rusticarum
779 1848 904 1900 libri
947 1847 1072 1899 duo.
1116 1847 1328 1901 Codicis
1356 1855 1486 1917 'pars
1526 1848 1617 1899 111.
1651 1864 1710 1916 p·
1745 1846 1829 1910 78,
1862 1844 1912 1896 6.
1988 1845 2154 1898 Marci
2190 1847 2436 1901 Terentii
2477 1845 2615 1896 Var-

421 1936 568 1990 ronis
610 1952 782 1986 rerum
824 1937 1137 1988 rusticarum
1179 1934 1244 1985 de
1283 1936 1621 2004 Agricultura
1657 1934 1783 1985 libri
1823 1935 1885 1986 11.
1933 1935 2137 1984 Primus
2178 1934 2375 2002 incip.·
2413 1933 2612 1984 Tocius

427 2038 638 2073 omnem
680 2031 998 2075 consecutus
1027 2023 1249 2086 fundus,
1286 2022 1617 2074 commodius
1661 2022 1762 2094 tibi
1802 2022 1937 2074 haec
1978 2021 2283 2073 scriberem.
2359 2021 2483 2072 Des.
2527 2036 2613 2070 se-

419 2109 659 2161 cundus·
700 2109 833 2160 haec
865 2127 1013 2180 quae
1050 2111 1273 2180 exposui
1299 2110 1522 2170 habeto.
1599 2113 1659 2161 ln
1692 2109 1773 2161 ed.
1799 2111 2048 2177 (Gesner.
2087 2111 2289 2177 priore)
2330 2109 2372 2169 Ι,
2408 2123 2458 2176 p.
2493 2106 2609 2158 131.

425 2193 503 2246 ad
537 2214 589 2266 p.
621 2196 745 2249 384.
815 2184 1131 2254 Notandum
1169 2205 1347 2248 tamen
1382 2199 1612 2248 multum
1656 2197 1724 2247 ab
1763 2196 1911 2250 edito
1939 2196 2151 2257 Codicis
2192 2197 2477 2248 lectionem
2524 2193 2611 2244 di·

418 2295 680 2351 screpare.
758 2284 818 2333 ln
863 2284 969 2334 fine
1008 2284 1209 2350 legitur
1263 2285 1587 2353 possessoris
1624 2301 1821 2335 nomen
1858 2282 2007 2334 hisce
2050 2283 2263 2334 verbis:
2308 2283 2460 2333 Mitia
2502 2282 2612 2334 fata

418 2371 574 2425 mihi.
654 2371 922 2421 Francisci
964 2371 1187 2424 Sassetti
1227 2371 1470 2421 'l'homae
1507 2371 1607 2421 filii
1650 2372 1785 2421 ciuis
1821 2371 2143 2423 Florentini.

617 2458 801 2511 Codex
863 2459 1085 2511 membr.
1148 2458 1242 2509 Ms.
1281 2460 1338 2510 in
1381 2459 1515 2510 folio
1559 2459 1927 2510 maiori‘saec.
1965 2459 2117 2511 XIV.
2152 2458 2297 2510 binis
2339 2459 2609 2511 columnis

416 2544 740 2600 nitidissime
779 2542 1024 2601 exaratus
1062 2546 1403 2596 cumlitteris
1441 2545 1750 2605 initialibus
1785 2546 2043 2604 librorum
2073 2552 2128 2596 et
2154 2547 2389 2614 capitum
2416 2548 2613 2597 aureis«

414 2634 459 2687 A
494 2650 582 2684 me
620 2634 850 2684 collatus
892 2649 940 2682 a.
970 2632 1326 2688 MDCCLXll.
1366 2640 1576 2691 constat.
1615 2632 1763 2684 foliis
1802 2633 2013 2700 scriptis
2037 2632 2210 2684 *116³*
2319 2702 2326 2706 -

618 2721 681 2772 In
723 2722 1076 2772 annotatione
1137 2720 1204 2771 de
1242 2721 1495 2775 Pontiani
1535 2721 1829 2772 collatione
1876 2720 2094 2771 disserit
2138 2719 2450 2783 Bandinius,
2490 2721 2610 2770 lau-

414 2806 618 2878 datque
659 2816 876 2877 praeter
912 2809 1080 2877 ipsius
1109 2808 1543 2859 dissertationem
1579 2826 1734 2877 sopra
1771 2809 1823 2859 le
1860 2809 2147 2860 collazioni
2191 2807 2336 2858 delle
2378 2809 2606 2859 Fioren-

414 2894 530 2945 tine
567 2895 846 2959 Pande-ue,
890 2896 1117 2946 Livorno
1169 2894 1320 2947 1762.
1346 2893 1406 2944 ’4,
1483 2896 1795 2946 Menckenii
1858 2899 2024 2947 uitam
2068 2897 2338 2960 Po-litiani,
2380 2913 2607 2967 quorum

414 2980 677 3036 librorum
732 2984 965 3053 priorem
1013 3000 1125 3033 non
1165 2982 1294 3033 uidi.
1392 2983 1474 3033 De.
1510 2983 1681 3047 altero
1741 2981 1868 3035 uide
1910 2983 2099 3053 paullo
2135 2983 2292 3048 infra,
2328 2999 2467 3052 quae
2510 2999 2607 3034 ex-

411 3068 588 3139 posui.

807 3200 913 3310 ni.
1000 3212 1496 3312 Laurentianus·
1524 3243 1604 3312 B.

599 3399 907 3455 Bandinil.
962 3400 1434 3470 1.p.526.1³1ut.
1488 3399 1826 3455 L1.cod.1.
1898 3401 2069 3465 „Cato
2112 3403 2165 3454 d.
2204 3420 2244 3454 r
2284 3420 2326 3454 r.
2365 3403 2437 3454 Μ.
2478 3405 2607 3462 Ter.

416 3487 585 3538 Varro
628 3486 696 3539 de
736 3505 773 3539 r.
801 3505 843 3538 r.
918 3486 1336 3542 Exhortationes
1374 3496 1482 3541 tres
1511 3489 1743 3543 totidem
1767 3495 2059 3554 oratorum,
2087 3489 2335 3587 Aeschin.
2377 3491 2603 3547 Demad.

409 3573 696 3626 Demosth.
731 3575 836 3626 alia
876 3590 1039 3628 manu
1067 3583 1334 3626 exaratae.

409 3722 415 3730 ,
549 3676 682 3729 eod.
723 3695 864 3749 pars.
890 3677 958 3730 11.
999 3696 1053 3749 p.
1093 3677 1183 3744 34,
1215 3672 1268 3731 b.
1343 3681 1416 3735 M.
1454 3682 1698 3735 Terentii
1738 3683 1995 3736 Varronis
2031 3684 2229 3734 Rerum
2266 3681 2603 3736 Rusticarum

410 3763 479 3816 de
521 3765 857 3832 Agricuitura
895 3764 1021 3816 libri
1061 3766 1147 3816 111.
1195 3768 1418 3836 praeuia
1470 3766 1720 3838 capitum
1755 3769 1970 3822 Tabula
2009 3768 2221 3821 LXXIII
2268 3770 2325 3822 in
2365 3771 2601 3839 primum

405 3858 633 3907 tantum.-
732 3853 896 3904 Liber
936 3854 975 3903 1.
1035 3838 1256 3923 incipit:
1325 3855 1509 3906 Potius
1555 3872 1724 3908 essem
1778 3865 2142 3928 consequutus
2176 3856 2456 3910 Fundania
2496 3865 2603 3908 etc.

406 3938 644 3991 Vltimus
684 3941 830 3991 des.:
871 3939 988 3993 Hoc
1031 3959 1191 4013 quem
1229 3945 1454 4012 exposui
1481 3943 1700 3996 habeto.
1773 3945 1912 3996 Tum
1942 3946 2152 3997 rubrica
2191 3946 2447 4013 scriptum
2486 3952 2602 3995 esta

403 4026 479 4077 M.
520 4026 584 4077 T.
622 4027 879 4078 Varronis
934 4045 1108 4079 rerum
1139 4030 1458 4081 rusticarum
1499 4031 1569 4083 de
1625 4032 1879 4084 uillaticis
1941 4032 2278 4102 pastionibus
2313 4031 2454 4082 liber
2493 4039 2602 4082 ter-

404 4112 512 4166 tius
555 4112 784 4181 explicit
814 4113 1076 4167 feliciter.
1170 4116 1286 4167 Deo
1352 4117 1551 4185 gratias
1588 4132 1763 4170 amen.
1854 4119 1915 4169 ln
1954 4120 2061 4183 {cit.
2102 4119 2258 4169 'I'om.
2306 4135 2355 4168 a.
2396 4136 2451 4188 p.
2480 4116 2602 4173 131.

411 4197 477 4253 ad
515 4217 571 4270 p.
612 4197 739 4251 384.
810 4199 1120 4273 Notandum
1157 4202 1357 4256 codicis
1399 4204 1691 4258 lectionem
1726 4203 1794 4258 ab
1837 4204 1982 4257 edita
2017 4205 2245 4258 multum
2283 4203 2521 4258 differre.
