3025 4875
1300 380 1377 393 ...
1471 349 1719 411 10...

577 520 802 602 Appius
830 521 988 584 enim
1018 521 1200 602 1n‚9,
1223 523 1281 588 3.
1310 522 1487 598 ⁵haec
1530 522 1673 586 dicit
1694 523 1897 588 Axio:
1943 522 2115 607 „Ego
2146 541 2297 588 uero
2321 528 2382 587 te
2424 542 2611 606 prae-

405 631 607 694 sertim
656 630 975 710 (recipio),
1023 633 1193 693 cuius
1217 649 1363 694 aues
1410 630 1739 712 hospitales
1763 634 1943 697 etiam
1981 650 2142 695 nunc
2183 639 2409 711 ructor,
2454 650 2603 713 quas

403 738 544 799 mihi
592 740 921 817 apposuisti
967 741 1176 820 paucis
1220 747 1361 802 ante
1406 739 1622 802 diebus
1668 733 1728 820 in
1798 741 1936 803 uilla
1981 741 2232 805 Reatina
2278 742 2353 802 ad
2403 740 2596 803 lacum

404 844 640 923 Velini,
714 850 876 909 eunti
941 849 1017 909 de
1061 849 1496 912 controuersiis
1543 849 2027 912 Interamnatium
2087 856 2147 912 et
2187 849 2594 911 Reatinorum.

399 952 796 1018 Conferamus
841 955 917 1017 de
963 955 1176 1018 eadem
1222 974 1290 1018 re
1335 957 1731 1038 disputantem
1778 957 2132 1020 Ciceronem
2177 956 2290 1048 gad
2332 956 2451 1019 Att.
2496 956 2594 1035 Ν,

407 1062 504 1140 15,
550 1064 683 1139 5.):
734 1064 880 1142 „His
924 1064 1105 1127 rebus
1152 1065 1304 1127 actis
1332 1064 1568 1128 Reatini
1612 1084 1709 1127 me
1757 1066 1832 1128 ad
1878 1084 1986 1128 sua
2026 1067 2232 1147 τέμπη
2280 1065 2600 1145 duxerunt,

400 1176 464 1232 ut
507 1189 754 1253 agerem
796 1192 1040 1236 causam
1084 1182 1295 1237 contra
1336 1174 1777 1239 Interamnates
1810 1175 1966 1257 apud
2013 1174 2322 1237 consulem
2369 1182 2428 1237 et
2476 1176 2596 1237 de-

401 1296 533 1340 cem
594 1280 852 1363 legatos,
898 1281 1059 1364 quod
1102 1282 1270 1346 lacus
1314 1283 1580 1361 VelinuS‚
1630 1301 1664 1345 a
1710 1284 1806 1346 Μ’.
1860 1284 2041 1347 Curio
2087 1285 2363 1360 emissus,
2406 1284 2602 1345 inter-

398 1386 529 1448 ciso
577 1396 802 1469 monte,
849 1389 908 1451 in
958 1389 1177 1452 Narem
1230 1389 1470 1453 defluit:
1536 1406 1615 1452 ex
1654 1407 1774 1470 quo
1824 1397 1916 1453 est
1954 1391 2054 1453 illa
2094 1391 2321 1453 siccata
2369 1396 2431 1451 et
2477 1390 2597 1451 hu-

398 1496 555 1556 mida
609 1502 806 1558 tamen
849 1495 1090 1559 modice
1131 1499 1337 1561 Rosia.
1447 1497 1579 1559 Vixi
1623 1516 1756 1560 cum
1800 1499 1982 1561 Axio.
2074 1498 2228 1580 Quin
2274 1499 2453 1561 etiam
2498 1516 2627 1560 me.

396 1602 473 1664 ad
518 1604 756 1684 Septem
788 1621 976 1685 aquas
1024 1604 1208 1667 duxit.
1299 1603 1472 1668 Redii
1500 1603 1749 1684 Romam
1767 1604 2009 1666 ‘Fonteii
2059 1622 2240 1667 causa
2286 1624 2341 1668 a.
2392 1605 2447 1667 d.
2471 1604 2595 1667 Vll.

397 1709 851 1794 IdusQuintJ‘.
898 1711 1069 1775 Hanc
1101 1712 1412 1793 epistolam
1456 1729 1510 1774 a.
1559 1730 1616 1774 u.
1663 1712 1786 1776 700
1823 1713 2296 1792 scriptamesse
2337 1718 2616 1775 constat.-

393 1818 624 1882 Eodem
671 1836 833 1883 anno
877 1839 1010 1883 cum
1039 1820 1645 1894 Dom.Ahenobarbo
1689 1822 1917 1902 Appius
1964 1822 2073 1883 fuit
2112 1822 2359 1907 consul„
2393 1821 2588 1903 Ipsum

393 1928 649 2008 Appium
694 1946 833 1992 esse
875 1929 1207 2004 consulem,
1246 1930 1324 1990 de
1366 1941 1484 2009 quo
1521 1928 1738 1991 Cicero
1781 1928 2058 2010 loquitur,
2103 1947 2181 1991 ex
2209 1929 2590 1995 Varroniano

393 2036 534 2098 loco
583 2035 953 2099 concludere
994 2037 1152 2099 licet.
1262 2036 1417 2099 Cum.
1458 2054 1758 2118 unacum
1805 2038 2156 2119 magistratu
2198 2038 2436 2101 licuerit
2472 2041 2598 2101 au'-'

393 2145 564 2226 guris
605 2160 853 2207 munere
898 2144 1104 2227 fungi,
1163 2161 1287 2207 non
1331 2150 1425 2208 est
1486 2147 1697 2207 mirum
1744 2145 1995 2226 Appium
2040 2151 2104 2206 ut
2147 2161 2436 2229 augurem
2488 2147 2586 2208 hic

393 2254 878 2332 commemorari,
925 2243 1043 2334 quio
1087 2251 1305 2315 eodem
1347 2259 1621 2333 tempore
1663 2252 1815 2316 alter
1837 2252 2060 2316 Consul
2090 2254 2351 2316 comitiis
2394 2256 2590 2316 inter-

393 2360 519 2424 fuit.
619 2361 874 2443 Tempus
921 2378 1110 2445 ergo,
1172 2378 1291 2443 quo
1334 2361 1528 2424 Varro
1604 2362 1718 2423 hos
1780 2378 2097 2424 sermones
2140 2360 2377 2425 habitos
2424 2362 2589 2443 fecit,

389 2475 676 2532 accurate
727 2477 821 2533 est
873 2469 1175 2533 definitum
1220 2471 1536 2533 Ciceronis
1591 2470 1818 2545 uerbis.
1923 2469 2067 2533 Cum
2117 2477 2258 2533 tunc
2299 2471 2588 2550 temporis

387 2594 523 2639 cum
566 2579 765 2658 Appio
818 2579 1245 2642 reconciliatus
1306 2578 1486 2640 fuerit
1544 2578 1967 2654 Ciceroscic.
2009 2579 2102 2661 ad*
2136 2579 2206 2653 Q.
2253 2579 2313 2641 F.
2360 2578 2431 2656 ll,
2485 2580 2586 2657 12,

390 2687 447 2747 Ω.
489 2687 546 2750 3.
596 2686 670 2751 ad
717 2686 887 2751 Fam..
924 2687 969 2767 1,
1017 2686 1075 2750 9.
1118 2689 1177 2752 4.
1238 2705 1348 2768 pro
1397 2689 1648 2770 Scauro,
1693 2690 1755 2766 Q,
1796 2687 1931 2765 31.)
1992 2704 2278 2768 perquam
2316 2688 2449 2749 ueri
2494 2693 2587 2748 est

387 2796 580 2857 simile
625 2813 759 2858 eum
819 2813 973 2858 una·
1008 2814 1140 2858 cum
1177 2798 1372 2877 Appio
1431 2795 1588 2877 apud
1634 2796 1851 2858 Axium
1911 2797 2291 2859 deuersatum
2340 2812 2579 2877 unaque

386 2902 635 2965 Romam
681 2920 990 2965 reuersum
1041 2921 1200 2967 esse.
1288 2904 1416 2966 Hac
1463 2905 1931 2966 ratiocinatione
1993 2903 2204 2966 ductus
2249 2909 2349 2966 aut
2391 2904 2583 2983 primo

392 3011 489 3074 die
562 3017 662 3073 aut
706 3012 1096 3088 secundo-*J
1140 3014 1276 3093 post
1316 3013 1572 3076 reditum
1620 3011 1682 3074 id
1752 3018 1847 3074 est
1888 3029 1941 3073 a.
1989 3012 2047 3074 d.
2095 3012 2187 3074 Vl.
2233 3016 2335 3075 aut
2379 3010 2451 3073 V.
2503 3009 2587 3073 ld.

388 3119 584 3193 Quint.
636 3137 690 3183 a.
731 3137 789 3183 u.
837 3121 958 3184 700
1009 3121 1139 3183 liosv
1168 3138 1484 3184 sermones
1540 3120 1778 3184 habitos
1824 3121 1968 3202 fingi
2012 3139 2046 3183 a
2095 3120 2371 3183 Varrone
2418 3125 2585 3200 puto·

383 3227 595 3290 Eidem
645 3246 807 3291 anno
858 3227 1011 3291 duos
1054 3229 1321 3310 reliquos
1389 3229 1579 3291 libros
1625 3231 1766 3309 quin
1804 3224 2193 3309 adscripserit
2232 3228 2423 3290 Varro
2471 3226 2589 3289 du-

383 3337 545 3399 bium
589 3320 713 3399 non
756 3345 886 3416 est,
948 3355 1080 3401 cum
1132 3344 1267 3419 apte
1311 3355 1452 3403 sese
1494 3338 1829 3418 excipiant.
1896 3337 2011 3400 ‘Ad
2057 3354 2205 3417 quas
2249 3337 2405 3398 enim
2453 3337 2585 3416 pri-

383 3463 515 3508 mus
556 3444 709 3507 liber
765 3446 1027 3509 refertur
1089 3446 1277 3508 feriae
1316 3448 1690 3508 sementinae
1755 3451 2014 3507 exeunte
2054 3444 2253 3506 hieme
2298 3450 2437 3526 post
2477 3460 2586 3505 se·-

385 3555 811 3616 mentationem
875 3553 1085 3631 (Ouid.
1149 3555 1303 3616 Fast.
1352 3553 1400 3633 1,
1444 3552 1588 3616 661.
1594 3564 1630 3631 J
1671 3552 1882 3616 diebus
1939 3553 2097 3615 haud
2157 3554 2339 3615 certis
2380 3558 2589 3643 (erant

385 3665 545 3724 enim
593 3663 989 3743 conceptiuae
1052 3663 1276 3738 feriae)
1332 3662 1836 3741 celebrabantur,
1894 3664 2016 3724 tum
2057 3666 2385 3741 sequuntur
2426 3660 2587 3722 haud

384 3773 467 3835 ita
516 3762 707 3837 multo
739 3775 879 3851 post
927 3771 1031 3851 qui
1057 3770 1336 3834 Palilibus
1374 3771 1446 3846 (i.
1473 3787 1528 3833 e.
1557 3789 1613 3834 a.
1641 3770 1702 3832 d.
1716 3770 1848 3833 Xl
1873 3769 1995 3832 Cal.
2042 3769 2210 3846 Mai)
2254 3767 2594 3831 tribuuntur

489 4026 544 4097 ⁶)
582 4026 710 4081 Nam
750 4029 936 4097 paucis
969 4035 1098 4080 ante
1120 4028 1333 4080 diebus
1372 4025 1673 4080 comedisse
1708 4044 1766 4080 se
1795 4027 1929 4081 dicit
1956 4028 2162 4098 Appius
2200 4025 2269 4078 ab
2314 4025 2448 4078 Axio
2477 4040 2586 4093 ‘ap-

585 4125 791 4194 positas
842 4140 989 4187 annes,
1052 4124 1353 4176 tam.breui
1394 4125 1655 4194 temporis
1690 4125 1872 4195 spatio
1906 4112 2231 4187 interiecto,
2268 4130 2328 4181 ut
2364 4137 2454 4174 eas
2497 4137 2586 4172 ru-

585 4219 724 4274 ctari
761 4217 938 4271 adhuc
977 4219 1083 4271 sibi
1124 4219 1297 4291 possit
1334 4215 1532 4271 uideri.
