3025 4875
1262 340 1676 398 „29-

378 529 506 565 cens
543 527 653 582 quo
685 514 1064 568 continentur:
1112 514 1163 582 1)
1204 512 1279 564 Μ.
1318 512 1539 563 Catonis
1576 510 1717 563 liber
1752 511 1822 566 de
1859 529 1913 564 re
1954 512 2168 563 rustica.
2242 511 2300 581 2)
2343 511 2415 562 M.
2456 511 2571 566 Te..

375 600 535 652 rentii
575 600 827 651 Varronis
866 600 935 651 de
974 599 1164 652 eodem
1198 607 1513 668 argumento
1556 599 1681 650 libri
1722 607 1847 651 tres.
1921 602 1972 651 ls
2007 598 2181 650 codex
2202 598 2410 651 decimo
2456 607 2568 650 ter·

376 688 452 739 iio
486 686 702 737 saeculo
743 685 961 738 uidetur
998 694 1309 738 exaratus.“
2337 683 2344 692 “

569 774 612 824 E
650 773 872 825 Mercer.
911 782 1100 826 annot.
1152 773 1220 822 ad
1260 773 1400 824 Non.
1465 788 1520 840 p.
1557 772 1647 836 61,
1685 771 1756 824 28
1799 772 2171 839 cognoscimus
2211 788 2368 834 eum,
2406 787 2566 842 quem

375 874 537 928 saepe
575 860 823 912 nominat
857 861 1120 929 optimum
1155 860 1411 912 Varronis
1450 858 1504 909 d.
1546 877 1586 909 r.
1630 876 1671 909 r.
1707 857 1952 911 codicem
1986 839 2218 928 ‘Regium
2258 875 2390 911 esse.
2431 858 2571 909 For-

376 952 520 997 tasse
557 954 656 1007 est,
694 962 855 1016 quem
891 946 1052 998 modo
1090 946 1490 998 nominauimus
1530 945 1663 998 Cod.
1708 944 1775 997 D.

576 1031 832 1086 Schneid.
873 1035 917 1084 Ι.
953 1033 1126 1104 praef.
1164 1051 1216 1103 p.
1256 1031 1324 1086 lx
1369 1050 1448 1103 sq.
1488 1032 1547 1083 in
1599 1031 1843 1084 Varrone
1881 1039 2097 1100 praesto
2134 1029 2238 1082 sibi
2277 1030 2442 1081 fuisse
2484 1029 2575 1080 di-

372 1119 447 1171 cit
481 1118 611 1171 edit.
685 1118 1166 1171 Commelinianam
1225 1120 1423 1189 passim
1477 1120 1742 1171 uarietate
1800 1118 2051 1169 lectionis
2106 1125 2161 1169 et
2215 1119 2575 1169 annotatione

373 1205 504 1257 Abr.
547 1206 815 1258 Gronouii
867 1207 926 1258 in
981 1205 1164 1258 charta
1202 1207 1529 1276 interposita
1586 1205 1872 1275 separatim
1918 1212 2182 1256 notatam.
2229 1204 2455 1256 Codices
2493 1203 2571 1255 ibi

383 1292 518 1344 duos
555 1293 862 1345 nominatos
893 1310 950 1345 se
992 1294 1258 1362 reperisse
1312 1292 1449 1344 Bibl.
1489 1293 1686 1359 Regiae
1728 1291 2038 1343 parisiensis
2086 1292 2313 1343 alterum
2349 1307 2574 1342 numero

375 1379 642 1447 signatum
681 1377 822 1436 5992
860 1380 1089 1431 alterum
1127 1377 1301 1443 6028,
1352 1378 1448 1442 sed
1502 1380 1598 1448 qui
1664 1379 1863 1430 sactum
1914 1382 1988 1430 sit
2020 1385 2081 1430 ut
2129 1380 2363 1429 uarietas
2412 1378 2573 1430 codd.

375 1466 584 1534 integra
640 1466 697 1517 in
751 1467 991 1533 margine
1053 1483 1164 1518 non
1225 1465 1664 1529 adscriberetur,
1704 1482 1762 1517 se
1820 1465 2084 1533 ignorare.
2182 1465 2290 1533 Ego
2353 1481 2575 1535 quoque

376 1551 596 1618 ignoro,
643 1550 776 1621 quid
832 1550 916 1603 his
969 1551 1248 1604 codicibus
1296 1568 1581 1603 commune
1625 1552 1699 1603 sit
1751 1568 1869 1602 cum
1906 1550 2052 1615 illis,
2088 1550 2180 1621 qui
2217 1552 2276 1601 in
2329 1552 2573 1619 catalogo

379 1645 778 1690 enumerantur.

768 1810 994 1872 xvm.
1042 1810 1214 1872 XIX.
1308 1804 1635 1873 Vaticani.

574 1986 827 2039 Schneid.
861 1991 898 2039 1.
939 1989 1112 2059 praes.
1153 1990 1218 2041 X.
1257 1989 1566 2058 „geminum
1613 1983 1875 2040 'Varronis
1911 1987 2005 2060 (de
2043 2006 2082 2039 r.
2123 1992 2190 2058 r.)
2229 1989 2463 2040 codicem
2507 2006 2573 2039 ex

384 2072 522 2123 Bibi.
546 2074 806 2127 Vaticana
844 2078 1289 2128 commemorauit
1327 2078 1402 2128 lo.
1434 2074 1677 2129 Rhodius
1719 2076 1773 2126 in
1803 2076 1996 2127 Lexico
2033 2075 2389 2129 Scriboniano
2428 2075 2575 2144 (edi-

374 2159 514 2222 tioni
551 2153 820 2212 Scribonii
858 2161 1175 2214 Rhodianae
1212 2163 1424 2232 addito)
1462 2178 1689 2214 numero
1755 2161 1894 2213 1524
1952 2163 2181 2213 alterum
2219 2162 2360 2215 3310
2397 2165 2578 2230 signa·

378 2252 551 2296 tum.“
584 2246 639 2314 ⁴*)
676 2247 918 2299 Rhodius
961 2249 999 2299 Ι.
1037 2251 1070 2300 Ι.
1109 2265 1160 2317 p.
1195 2248 1319 2302 367.
1362 2256 1418 2300 et
1455 2266 1506 2317 p.
1551 2247 1675 2299 411.
1719 2264 1781 2298 ex
1812 2247 1894 2298 his
1932 2248 2206 2299 codicibus
2250 2252 2406 2302 affert
2442 2249 2575 2299 scri-

377 2340 563 2400 pturas
600 2333 668 2384 ad
727 2333 858 2385 duos
898 2335 1153 2386 Varronis
1195 2335 1248 2385 d.
1294 2353 1335 2386 r.
1388 2352 1429 2385 r.
1466 2336 1614 2386 locos
1654 2334 2021 2386 emendandos
2060 2350 2289 2404 quorum
2327 2334 2573 2386 codicum

270 2427 273 2430 ’
377 2420 662 2488 „exiguam
704 2420 772 2471 ab
817 2422 971 2473 annis
1026 2423 1437 2474 auctoritatem“
1506 2439 1620 2473 esse
1663 2421 1811 2473 dicit.
1884 2420 2246 2473 Schneiderus
2300 2421 2337 2472 l.
2396 2421 2433 2472 l.
2489 2419 2574 2472 his

379 2506 522 2558 sorte
570 2508 822 2560 Vrsinum
888 2516 1048 2560 antea
1103 2510 1269 2565 fuisse
1328 2527 1480 2561 usum
1535 2510 1856 2578 suspicatur.
1946 2507 2025 2560 De
2082 2508 2239 2560 codd.
2299 2508 2575 2560 Vaticanis

379 2594 678 2646 Pontedera
722 2596 772 2661 1)
819 2596 870 2647 in
895 2598 1052 2664 epist.
1102 2597 1170 2647 ad
1191 2597 1555 2648 Facciolatum
1587 2597 1775 2665 (Gesn.
1812 2597 1855 2657 1,
1895 2595 2075 2666 XLV.)
2113 2597 2313 2656 „Roma
2352 2611 2576 2664 quoqne

381 2696 446 2733 ex
483 2680 762 2732 codicibus
783 2681 1051 2733 Vaticanis
1098 2710 1154 2721 —
1202 2680 1470 2734 nonnulla
1506 2714 1576 2725 —
1614 2683 1855 2751 accepi-‘⁴
1893 2691 1947 2733 et
1983 2683 2041 2752 2)
2079 2683 2374 2751 Antiquitt.
2416 2682 2571 2751 p.25.

384 2782 469 2836 ep.
510 2766 656 2820 v11.:
694 2770 1087 2833 „Accesserant
1123 2787 1344 2842 quoque
1385 2771 1655 2822 nonnulla
1694 2785 1756 2821 ea
1791 2768 2130 2821 bibliotheca
2172 2769 2436 2821 Vaticana
2476 2768 2574 2820 de·

385 2862 616 2924 promta.

775 2981 916 3041 XX.
1002 2973 1483 3042 Ambrosianus·
1523 2971 1606 3040 A.

426 3172 435 3181 ·
518 3151 772 3204 Schneid.
794 3153 885 3203 IV.
923 3170 977 3222 p.
1018 3161 1159 3223 post.
1199 3171 1265 3206 ex
1302 3155 1545 3225 epistoll.
1585 3163 1640 3208 et
1675 3155 1910 3208 dissertt.
1950 3155 2175 3209 Ponted.
2212 3162 2443 3225 postum-
2481 3171 2573 3207 re.-

382 3238 490 3290 fert
523 3255 691 3308 opera
731 3237 926 3291 Abbat.
963 3239 1176 3292 Alberti
1211 3240 1532 3293 Mazzolenii
1574 3242 1841 3312 quaedam
1874 3258 1942 3293 ex
1976 3241 2330 3295 Ambrosiam
2367 3241 2573 3292 biblio..

483 3496 539 3567 ⁴*)
576 3494 935 3565 Schneiderus
975 3498 1012 3549 1.
1049 3496 1260 3634 LRhgej
1294 3498 1481 3551 addit:
1525 3501 1844 3636 „gruetere'a
1885 3500 2051 3552 alium
2072 3499 2364 3636 Vgrronem
2409 3500 2572 3552 Pata-

578 3582 764 3633 uinum
803 3590 1065 3635 memorat
1186 3601 1217 3636 o
1262 3585 1343 3635 ius
1397 3584 1457 3636 in
1503 3586 1561 3637 in
1605 3587 1684 3637 ice
1722 3595 1997 3638 auctorum
2037 3603 2096 3638 su
2178 3586 2429 3638 Varronis
2464 3604 2570 3638 no-

578 3670 759 3735 mine3
800 3669 897 3733 sed
932 3669 1134 3721 nullibi
1178 3671 1509 3724 nominatum
1551 3688 1671 3725 eum
1709 3673 1948 3725 codicem
2002 3689 2031 3723 a
2069 3671 2276 3724 Rhodio
2320 3674 2571 3726 inuenire

573 3756 792 3825 potui.“
866 3757 1011 3808 Male
1040 3773 1149 3808 rem
1187 3757 1426 3827 inspexit
1447 3757 1826 3819 Schneiderus,
1866 3760 1921 3809 in
1942 3758 2136 3811 Rhodii
2177 3760 2318 3811 enim
2358 3767 2571 3812 annott.

575 3842 645 3893 ad
683 3841 928 3895 Scribon.
980 3860 1034 3912 p.
1078 3844 1159 3897 16.
1193 3845 1452 3897 laudatur
1485 3845 1576 3897 hic
1620 3846 1737 3897 cod.
1774 3847 1901 3907 Diui
1953 3846 2218 3898 Francisci
2262 3847 2464 3898 Patauii
2501 3845 2571 3897 ad

579 3929 899 3981 emendand.
931 3931 1225 3983 Varronem
1258 3931 1325 3983 do
1356 3931 1540 4001 linqua
1575 3932 1746 3985 latina
1783 3934 1821 3987 l.
1863 3934 1957 3985 VI.
1994 3935 2133 4003 (vn.
2175 3931 2227 3985 4.
2266 3933 2348 3985 ed.
2389 3934 2571 3985 Muel-

577 4013 720 4082 ler.).
794 4016 952 4069 Hunc
1008 4017 1323 4071 Rhodianae
1358 4021 1732 4073 annotationis
1772 4022 1946 4072 locum
1987 4020 2045 4072 in
2081 4021 2199 4090 ipso
2236 4016 2431 4085 indice,
2465 4038 2572 4072 nu-

573 4116 721 4151 mero
758 4104 1007 4172 apposito
1057 4121 1173 4159 esso
1211 4106 1575 4175 significatum
1634 4108 1767 4161 miro
1804 4105 1964 4161 modo
2008 4106 2370 4160 Schneider-us
2408 4123 2568 4177 prae-

574 4186 817 4242 teruidit.
