3025 4875
925 1168 1393 1234 Index
1481 1170 2174 1236 codicum.

841 1518 887 1583 1.
939 1519 1098 1587 Uod.
1143 1519 1543 1589 Marcianus
1586 1521 2043 1589 Florentinum.

641 1677 783 1730 Petr.
822 1677 1098 1732 Victorius
1134 1679 1193 1730 in
1230 1678 1571 1748 praefatione
1611 1681 1810 1749 operis,
1865 1677 2014 1749 quod
2049 1676 2363 1729 inscribitur
2398 1675 2639 1746 explica-

444 1763 620 1815 tiones
663 1779 886 1815 suarum
920 1764 978 1815 in
1005 1749 1285 1828 catonem,
1322 1766 1476 1817 Varr.
1509 1766 1723 1819 Colum.
1761 1766 2172 1833 castigationum
2194 1764 2328 1816 baec
2365 1761 2538 1815 babet
2570 1760 2638 1816 de

441 1847 547 1900 hoc
588 1850 772 1902 codice
799 1850 990 1919 (Gesn.
1013 1850 1055 1914 1,
1084 1850 1280 1920 XLII).
1319 1851 1796 1915 „vetustissimum
1837 1853 2094 1903 uolumen
2118 1858 2199 1902 est
2238 1851 2293 1901 in
2318 1850 2441 1899 Diui
2467 1848 2632 1899 Marci

440 1935 780 1988 Bibliotheca
834 1938 892 1989 in
931 1955 1039 2008 quo
1099 1938 1175 1989 M.
1217 1938 1439 1991 Catonis
1501 1957 1639 1990 unus
1678 1939 1818 1991 liber
1856 1946 1973 2002 est,
2033 1955 2193 2009 quem
2233 1936 2301 1989 de
2340 1952 2398 1987 re
2437 1936 2635 1987 rustica

441 2022 657 2091 scripsit
693 2039 755 2075 ac
772 2025 901 2075 tres
940 2024 1011 2074 Μ.
1056 2024 1182 2075 Ter.
1239 2024 1497 2078 Varronis
1558 2018 1731 2077 rerum
1792 2027 1918 2077 item
1980 2026 2312 2076 rusticarum.
2400 2020 2450 2073 ls
2492 2037 2632 2073 unus

439 2106 583 2158 liber
641 2117 704 2160 ut
757 2126 946 2162 uerum
1005 2110 1192 2174 fatear,
1231 2118 1287 2163 et
1340 2118 1399 2163 ut
1447 2114 1587 2163 ueris
1648 2111 1899 2162 laudibus
1936 2112 2109 2181 ipsum
2157 2119 2360 2172 ornem,
2401 2108 2631 2158 maiores

436 2194 571 2244 mihi
616 2196 882 2248 utilitates
926 2196 1207 2266 praebuit,
1247 2213 1407 2266 quam
1450 2199 1686 2249 uniuersi
1726 2198 1848 2250 alii:
1904 2206 2125 2266 superat
2165 2198 2307 2246 enirn
2368 2195 2625 2264 reliquos,

439 2299 576 2352 quos
611 2281 801 2345 habui,
858 2284 1024 2351 longo
1063 2286 1387 2347 interuallo,
1438 2294 1493 2338 et
1527 2293 1800 2354 uetustate
1841 2294 1897 2337 et
1934 2286 2219 2338 fidelitate·
2290 2267 2405 2335 Nec
2445 2291 2627 2342 tamen

436 2369 652 2431 cuncti,
698 2370 790 2440 qui
845 2370 900 2426 in
939 2387 1003 2423 eo
1055 2373 1476 2425 continebantur
1509 2383 1778 2437 auctores,
1818 2372 1886 2425 ad
1927 2390 2025 2425 nos
2064 2377 2458 2443 peruenerunt:
2499 2384 2626 2420 nam

435 2456 545 2508 duo
583 2458 684 2509 toti
723 2467 994 2519 uetustate
1056 2461 1283 2531 collapsi
1321 2470 1462 2523 sunt,
1521 2470 1576 2513 et
1612 2463 1685 2512 M.
1725 2461 2259 2515 Varronisextrema
2302 2459 2464 2510 etiam
2500 2473 2624 2526 pars

435 2542 653 2595 defecit.
695 2542 1166 2613 Quemadmodum
1207 2556 1385 2597 autem
1426 2565 1490 2599 ex
1535 2555 1720 2600 uetere
1757 2547 2130 2617 inscriptione,
2167 2546 2398 2615 quaein
2439 2545 2618 2595 fronte

432 2629 561 2680 libri
605 2638 704 2691 est,
743 2634 1130 2699 cognoscimus,
1192 2632 1332 2684 lunii
1385 2633 1535 2686 Mod.
1593 2634 1929 2686 Columellae
1984 2634 2103 2687 ΧΠ,
2142 2632 2268 2684 libri
2309 2632 2426 2682 illic
2459 2632 2619 2683 etiam

433 2724 590 2768 erant
630 2725 687 2768 et
724 2735 862 2770 unus
900 2727 1026 2770 ante
1053 2720 1178 2771 illos
1214 2717 1430 2771 Claudii
1471 2721 1768 2772 Martialis:
1810 2721 2027 2772 litterae
2065 2727 2244 2771 tamen
2287 2727 2343 2771 et
2377 2712 2619 2787 antiquiss

429 2808 544 2854 tate
587 2811 642 2856 et
687 2804 957 2874 frequenti
996 2806 1185 2857 attritu
1222 2806 1279 2857 in
1305 2807 1478 2877 prima
1520 2814 1673 2876 parte
1713 2805 1837 2857 libri
1875 2808 1949 2858 ita
1987 2807 2201 2858 deletae
2239 2812 2382 2879 sunt,
2423 2812 2485 2855 ut
2522 2820 2616 2853 ru-

428 2889 630 2941 bricam
671 2892 1092 2960 superinducere
1131 2911 1266 2961 opus
1317 2894 1482 2945 fuerit
1518 2893 1752 2962 (rubrica
1795 2893 1937 2944 enim
1977 2901 2202 2943 notatae
2237 2888 2616 2942 huiuscemodi

429 2974 813 3044 inscriptiones
848 2978 905 3028 in
944 2995 1008 3028 eo
1047 2980 1192 3050 sunt)
1230 2994 1397 3048 quare
1441 2980 1652 3054 macula
1694 2979 1881 3048 aliqua
1933 2980 1990 3029 in
2032 2978 2116 3029 his
2153 2975 2616 3028 nominibussesse
2701 2988 2706 3001 ¹

426 3069 630 3131 potest.
701 3064 963 3114 Martialis
999 3072 1181 3116 tamen
1223 3074 1411 3135 aperte
1438 3066 1656 3133 legitur.
1727 3065 1840 3116 lloc
1880 3073 2059 3116 autern
2098 3065 2408 3134 relinquere
2445 3061 2620 3124 nolui,

428 3151 561 3218 quin
598 3157 787 3201 notum
829 3150 1095 3216 facerem,
1151 3161 1213 3203 ut
1246 3161 1488 3203 uetustas
1534 3152 1695 3204 huius
1734 3152 1859 3202 libri
1915 3151 2330 3218 intelligeretur,
2371 3149 2464 3218 qui
2505 3146 2616 3198 illis

427 3236 761 3305 temporibus
799 3238 1028 3307 scriptus
1073 3238 1255 3300 fuerit,
1293 3239 1495 3308 quibus
1524 3240 1618 3290 alii
1659 3238 1836 3290 adhuc
1865 3240 2153 3307 scriptores
2190 3233 2616 3306 reperiebantur,

427 3322 521 3389 qui
556 3330 744 3390 postea
801 3323 1137 3391 negligentia
1175 3324 1452 3375 bominum
1510 3333 1567 3376 et
1604 3324 1908 3375 seculorum
1955 3324 2243 3392 iniquitate
2280 3322 2617 3390 perierunt.“

426 3406 736 3458 Florentiae
776 3409 943 3460 fuisse
986 3409 1130 3460 hunc
1167 3409 1286 3461 cod.
1325 3412 1380 3462 in
1401 3410 1539 3461 bibl.
1570 3411 1842 3462 Marciana
1882 3417 2025 3461 recte
2061 3404 2614 3459 coniicitScheiderus

428 3492 490 3563 (1.
515 3511 568 3563 p.
592 3493 730 3560 xil.)
768 3512 796 3545 e
822 3496 1050 3546 Victorii
1081 3497 1538 3565 explicationibus
1566 3499 1789 3563 castigg.
1833 3513 1974 3547 suar.
2008 3496 2065 3547 in
2095 3495 2428 3554 Ciceronem,
2452 3488 2618 3558 Lugd-

430 3580 584 3632 1560.
635 3598 690 3649 p.
713 3579 817 3632 636
859 3580 1169 3649 (legendum
1207 3585 1387 3650 potius
1412 3601 1461 3653 p.
1486 3582 1587 3635 160
1611 3620 1628 3646 ,
1662 3590 1778 3635 toto
1822 3584 1963 3633 enim
2004 3582 2062 3633 in
2079 3580 2396 3633 victoriano
2433 3592 2615 3646 opere,

426 3665 532 3718 553
573 3673 785 3717 tantum
847 3668 1065 3736 paginas
1119 3669 1475 3733 continente,
1505 3670 1715 3720 nullum
1754 3671 1919 3729 alium
1964 3670 2140 3719 locum
2179 3664 2365 3717 inueni
2405 3665 2463 3714 in
2504 3677 2610 3732 quo

422 3753 530 3804 iste
567 3752 741 3804 codex
774 3754 1250 3824 nominatus.sit.).
1296 3755 1521 3811 Ponted.
1557 3756 1872 3827 (Antiquitt.
1908 3755 2088 3807 Latin.
2112 3736 2301 3803 Graec.
2340 3768 2392 3821 q.
2433 3762 2610 3829 enarr.

426 3838 539 3891 Pat.
587 3838 740 3892 1740.
794 3840 1010 3909 Ep.111‚
1048 3859 1100 3910 p.
1139 3842 1246 3911 25.)
1303 3840 1449 3895 hunc
1492 3842 1780 3915 ¹codicem,
1840 3857 1999 3912 quem
2059 3857 2125 3892 ex
2176 3836 2509 3889 bibliotheca
2546 3836 2612 3885 D.

426 3923 595 3976 Marci
641 3926 957 3977 Florentina
1008 3927 1198 3979 laudat
1236 3929 1502 3980 Victorius
1557 3930 1661 3979 iam
1705 3928 1991 3980 euanuisse
2041 3925 2204 3977 dicit:
2257 3923 2383 3975 ideo
2418 3939 2475 3998 se
2508 3920 2607 3972 de-

429 4010 648 4063 dedisse
686 4028 923 4081 operam,
960 4021 1022 4064 ut
1053 4016 1341 4076 nonnulla,
1382 4005 1523 4085 quae
1553 4016 1787 4082 Angelus
1816 4014 2114 4067 politianus
2149 4019 2274 4063 ante
2297 4010 2608 4062 ‘Victorium

430 4097 499 4149 de
539 4098 733 4151 eodem
769 4101 1247 4173 transscripsisset,
1288 4101 1392 4152 sibi
1452 4102 1727 4153 Florentia
1762 4118 1859 4170 per
1899 4101 2117 4152 Hieron.
2157 4098 2615 4167 Lagomarsinium

428 4185 940 4240 transmitterentur.
1013 4187 1235 4240 Praeter
1269 4188 1665 4244 Laurentianos
1702 4205 1824 4240 cum
1858 4186 2004 4239 hunc
2043 4203 2263 4258 quoque
2299 4184 2539 4238 codicem
2564 4198 2595 4233 a
