3025 4875
1389 307 1806 366 ...32-

510 483 882 539 bibliothecae
908 482 1293 535 Norfolcianae
1345 481 1402 532 in
1441 479 1689 546 Collegio
1732 473 2150 528 Greshamensit
2190 472 2387 539 „2972
2429 471 2518 525 80.
2556 467 2700 524 Iunii

513 572 663 626 Mod.
703 571 1043 625 columellae
1080 570 1177 620 Rei
1218 569 1465 620 Rusticae
1505 565 1652 618 libri.
1685 561 2112 614 M.Catonis.de
2154 578 2194 611 r.
2236 579 2275 611 r.
2315 560 2411 611 lib.
2449 561 2524 611 M.
2566 560 2707 610 Var-

512 661 660 713 ronis
690 659 757 712 de
795 658 1122 729 agricultura
1173 655 1299 708 libri
1339 655 1427 706 2.“
1486 653 1635 705 Idem
1671 648 1858 702 Codex
1917 657 1999 702 est
2031 649 2090 700 in
2128 647 2527 701 Montfauconii
2565 645 2706 697 bibl.

512 746 772 801 biblioth.

917 864 1202 930 XXVIII.
1288 856 1910 942 Monspessulanus.

711 1012 920 1065 Haenel
959 1011 1118 1062 catal.
1156 1007 1312 1060 codd.
1359 1023 1481 1059 mss.
1516 1007 1658 1058 bibl.
1695 1005 1842 1056 Gall.
1879 1003 2040 1054 Helu.
2079 1010 2181 1055 etc.
2219 1000 2344 1054 240.
2381 1000 2703 1070 „Montpel-

516 1102 636 1166 lier,
673 1098 814 1151 bibl.
853 1098 922 1149 de
958 1096 1150 1152 l’ecole
1179 1095 1248 1146 de
1276 1093 1575 1144 Medecine.
1613 1092 1748 1143 cod.
1789 1090 1955 1143 chart.
1992 1088 2043 1140 4.
2081 1105 2220 1141 saec.
2256 1089 2395 1141 XVI.
2469 1086 2707 1141 Maladie

515 1188 611 1241 des
647 1188 907 1252 faucons3
944 1180 1080 1235 Cato
1122 1180 1192 1233 de
1235 1180 1580 1249 agricultura,
1618 1179 1790 1231 Varro
1830 1176 1900 1228 de
1941 1176 2256 1245 agicultura.

910 1338 1142 1401 XXIX.
1225 1330 1734 1415 Neapolitanus.

714 1470 892 1521 Burm.
948 1466 1185 1533 Sylloge.
1241 1464 1304 1516 T.
1342 1462 1433 1514 111.
1487 1478 1542 1532 p.
1594 1461 1718 1514 566.
1777 1462 1847 1512 ls.
1885 1459 2109 1512 Vossius
2167 1458 2287 1511 Nic.
2348 1457 2574 1509 Heinsio
2611 1458 2709 1528 Ep.
2747 1449 2758 1462 ’

512 1557 629 1612 ΧΠ.
668 1552 1057 1608 Amstelodami
1108 1551 1349 1611 Romam,
1393 1547 1549 1600 1646.
1599 1547 1869 1616 „Neapoli
1928 1547 1984 1598 in
2024 1545 2365 1596 Bibliotheca
2403 1545 2714 1598 Sannazarii

516 1647 575 1698 in
611 1649 883 1702 conuentu
948 1639 1001 1691 S.
1041 1638 1256 1690 loannis
1294 1633 1614 1686 Carbonarii
1663 1642 1743 1686 est
1779 1632 1952 1685 codex
2006 1633 2133 1684 satis
2174 1640 2422 1685 uetustus
2455 1630 2711 1682 Varronis

517 1732 587 1785 de
624 1748 680 1784 re
713 1728 971 1782 rustica.“
2041 1713 2068 1734 ²

922 1864 1127 1928 XXX.
1214 1855 1575 1940 Excerpta
1614 1851 2093 1920 Riccardz‘ana.

662 1996 880 2047 Lamius
909 1990 1079 2043 Catal.
1120 1986 1257 2038 bibl.
1298 1987 1437 2037 Ricc.
1485 1986 1726 2036 Florent.
1770 1986 1976 2047 „Varro
2021 1979 2089 2034 de
2127 1999 2184 2034 re
2223 1984 2419 2034 rustica
2464 1992 2715 2053 excerpta

518 2081 698 2136 N.111.
741 2079 871 2132 Cod.
902 2078 1132 2129 chartac.
1174 2075 1229 2125 in
1250 2073 1304 2123 4.
1337 2089 1394 2122 n.
1417 2072 1670 2124 xxvu.“
1703 2072 1765 2121 ln
1796 2071 1935 2121 libro
1958 2071 2054 2141 qui
2080 2069 2716 2140 inscribiturlnventario

520 2186 551 2221 e
588 2169 745 2220 stima
782 2165 930 2217 della
963 2162 1102 2214 bibl.
1140 2158 1484 2212 Riccardiana
1553 2143 1847 2218 etc-sbaec
1900 2165 2149 2225 excerpta
2190 2173 2303 2206 non
2342 2157 2577 2224 repperi,
2613 2157 2716 2207 nisi

519 2257 709 2307 insunt
748 2251 925 2304 codici
984 2247 1051 2299 de
1088 2264 1197 2316 quo
1233 2245 1370 2296 haec
1404 2242 1738 2296 referuntur:
1783 2241 1945 2305 „892
1988 2241 2202 2293 Varchii
2244 2242 2581 2293 Benedictini
2619 2258 2720 2293 ex-

519 2349 701 2412 cerpta
740 2357 806 2392 ex
839 2337 1004 2389 uariis
1043 2332 1379 2385 auctoribus.
1417 2328 1538 2397 cod.
1568 2328 1737 2382 chart.
1776 2330 1836 2380 in
1855 2327 2243 2380 4.Saec.xv1.
2281 2326 2719 2398 Autographns.“

919 2485 1153 2548 XXXI.
1236 2477 1595 2561 Excerpta
1635 2431 2250 2561 Arqentoratensia.

703 2633 915 2688 Haenel
952 2638 1057 2683 cat.
1091 2636 1192 2682 etc.
1229 2645 1286 2697 p.
1308 2625 1431 2678 462.
1470 2624 1772 2693 „Excerpta
1800 2638 1866 2674 ex
1900 2619 2108 2674 Catone
2148 2619 2202 2672 d.
2238 2638 2278 2672 r.
2318 2638 2359 2672 r.
2395 2635 2461 2672 ex
2482 2619 2721 2673 Varrone

527 2725 596 2778 de
633 2742 673 2775 r.
710 2740 752 2774 r.
791 2739 856 2773 ex
885 2718 1052 2772 Plinii
1087 2716 1214 2768 hist.-
1254 2722 1431 2765 natur.
1466 2709 1558 2762 45⁴

727 2871 991 2926 Codicum
1027 2867 1196 2921 indici
1242 2865 1443 2917 addere
1479 2864 1689 2934 placuit
1717 2862 1883 2912 haec:

731 2963 782 3034 1)
818 2960 1044 3012 Ursinus
1083 2956 1141 3006 in
1179 2955 1323 3006 notis
1363 2953 1472 3003 suis
1515 2950 1584 3001 ad
1621 2951 1916 3025 Varronem
1956 2952 2059 2997 etc.
2115 2944 2313 3015 quibus
2351 2950 2407 2995 et
2460 2951 2592 3013 quot
2630 2960 2723 2994 co-

529 3051 740 3105 dicibus
775 3049 848 3100 sit
882 3062 1028 3107 usus,
1081 3060 1151 3094 ne
1192 3040 1357 3093 verbo
1397 3037 1615 3110 quidem
1665 3035 1934 3104 exposuit.
2007 3033 2298 3084 vaticanos
2341 3031 2505 3081 fuisse
2542 3032 2719 3100 suspi-

526 3148 678 3191 catur
711 3133 1069 3187 Schneiderus
1105 3129 1150 3192 1,
1190 3127 1328 3179 xlv.
1367 3126 1461 3177 cfr.
1499 3123 1568 3175 de
1606 3122 1765 3175 codd.
1805 3122 1924 3173 Vat.
1963 3136 2103 3189 quae
2138 3116 2300 3171 modo
2338 3118 2502 3168 allata
2542 3123 2684 3170 sunt.

511 3210 515 3215 ⁹
732 3225 789 3290 2)
831 3219 1054 3272 Aldinae
1093 3231 1315 3285 quoque
1353 3211 1571 3273 editor,
1631 3207 1905 3261 iucundus
1944 3205 2266 3255 Veronensis
2306 3204 2361 3255 in
2397 3204 2568 3272 praef.
2610 3205 2726 3253 eius

529 3313 662 3365 edit.
701 3309 889 3374 (Gesn.
928 3306 973 3368 Ι,
1011 3300 1321 3370 XXXVIII.)
1359 3316 1415 3349 se
1441 3297 1611 3349 libros
1653 3295 1704 3347 d.
1736 3313 1774 3346 r.
1805 3312 1847 3345 r.
1885 3308 2005 3343 cum
2041 3290 2282 3361 antiquis
2324 3288 2722 3358 exemplaribus

529 3397 828 3452 contulisse
864 3391 1019 3443 dicit.
1665 3410 1672 3415 ·

728 3483 787 3551 3)
824 3483 900 3532 Io.
940 3474 1180 3530 Schwarz
1219 3471 1413 3538 Gymn.
1452 3466 1694 3520 Casimir.
1739 3463 1874 3518 Cob.
1912 3480 1967 3533 p.
2006 3480 2058 3532 p.
2099 3463 2155 3512 in
2193 3461 2423 3531 epistola
2464 3460 2532 3511 ad
2569 3460 2724 3511 Tho-

530 3572 751 3626 masium
810 3567 877 3618 de
915 3579 1061 3616 noua
1114 3559 1358 3611 editione
1402 3555 1607 3625 scriptt.
1648 3571 1687 3608 r.
1743 3569 1786 3603 r.
1823 3549 2004 3621 (Gesn.
2045 3546 2114 3599 11.
2154 3566 2209 3617 p.
2251 3548 2399 3619 421.)
2436 3565 2493 3599 se
2530 3565 2728 3598 consu-

531 3660 698 3711 luisse
756 3650 1150 3719 manuscriptos
1206 3643 1420 3696 codices
1473 3641 1736 3701 affirmat,
1787 3639 1893 3691 nisi
1935 3638 2074 3688 forte
2130 3635 2265 3687 haec
2302 3635 2465 3687 verba
2502 3634 2569 3685 de
2613 3652 2725 3685 uno

527 3742 795 3816 Lipsiensi
836 3735 1172 3791 Columellae
1207 3729 1392 3782 codice
1429 3727 1554 3810 suni
1594 3724 1907 3795 accipienda
1949 3739 2059 3792 quo
2099 3739 2224 3772 usus
2265 3729 2348 3773 est
2389 3719 2717 3773 Schwarzius

531 3840 673 3887 teste
715 3825 959 3881 Fabricio
998 3823 1054 3873 in
1088 3818 1224 3871 bibl.
1264 3818 1378 3868 Lat.
1421 3814 1509 3866 ed.
1548 3813 1778 3867 Ernesti.
1816 3810 1913 3862 lib.
1957 3810 1994 3875 l.
2036 3803 2289 3877 cap.V11.

731 3913 789 3985 4)
835 3911 946 3982 Qui
984 3906 1130 3978 apud
1147 3901 1401 3957 Schneid.
1418 3899 1508 3951 IV.
1537 3919 1590 3970 p.
1618 3907 1758 3969 post.
1788 3915 1842 3967 p.
1866 3895 1919 3948 6.
1954 3896 2302 3945 nominantur
2343 3893 2498 3949 codd.
2523 3895 2727 3964 scriptt.
2813 3874 2818 3881 ¹

540 4026 583 4061 r.
627 4024 668 4064 r.
707 4003 779 4075 (is
816 4014 979 4070 quem
1022 3991 1323 4049 Pontedera
1352 4005 1506 4041 suum
1551 3986 1797 4038 nominat
1836 3989 1893 4033 et
1929 3982 2068 4032 alter
2105 3981 2198 4050 qui
2219 3983 2415 4031 Romae
2458 3989 2631 4032 exstat
2674 3982 2731 4033 in

533 4089 873 4145 Bibliotheca
908 4084 1150 4136 Fratrum
1199 4079 1251 4130 S.
1295 4073 1605 4144 Augustini)
1647 4068 1902 4122 Varronis
1939 4065 2109 4118 libros
2154 4083 2263 4120 non
2302 4068 2561 4120 uidentur
2599 4082 2731 4118 con-

536 4178 788 4233 tinuisse.
