3025 4875
1327 350 1703 409 -6-

431 518 594 615 quod
625 516 862 581 nullus
845 535 909 580 m
940 520 1072 612 eius
1114 519 1316 584 fundis
1359 521 1616 603 reperiri
1655 522 1915 603 potuerit
1955 522 2113 585 stolo
2155 522 2236 602 (1,
2262 524 2321 602 2,
2355 523 2482 602 9.)ε
2528 523 2630 585 di-

432 607 864 732 ligentissimus
895 644 1045 708 ergo
1068 628 1175 692 fuit
1216 646 1499 710 agrorum
1530 630 1741 693 cultor.
1783 631 1873 692 De
1891 630 2117 693 Licinia
2154 637 2338 712 gente
2385 631 2634 694 nobilis.

429 727 582 797 sima
630 734 827 814 deque
868 734 1133 798 Stolonis
1186 738 1513 800 maioribus
1571 756 1607 800 a
1670 739 1884 819 quibus
1947 737 2117 820 leges
2164 739 2436 819 agrarias
2479 740 2630 802 latas

429 859 572 905 esse
614 859 794 905 nemo
858 844 1058 906 nescit
1099 843 1243 921 (cfr.
1302 843 1350 924 1,
1394 847 1455 925 2,
1502 845 1598 923 9.)
1638 863 1761 909 non
1825 852 1919 908 est
1963 846 2123 926 quod
2167 848 2336 926 plura
2380 847 2481 910 hic
2522 848 2633 910 ad-

431 948 667 1013 dantur.

628 1059 914 1133 Quamuis
984 1060 1243 1122 nominis
1324 1060 1526 1123 habita
1586 1062 1827 1124 ratione
1890 1060 1966 1123 ad
2033 1061 2363 1124 secundum
2428 1064 2630 1142 potius

437 1184 612 1247 quam
671 1167 757 1230 ad
814 1167 1067 1246 primum
1134 1167 1346 1240 librum
1409 1171 1715 1250 pertinere
1779 1169 2058 1232 uideatur
2121 1169 2229 1233 Cn.
2279 1170 2629 1233 Tremellius

409 1275 677 1356 Scrofa,
721 1283 924 1338 tamen
968 1278 1025 1338 in
1048 1279 1240 1357 primo
1289 1279 1405 1340 iam
1450 1277 1606 1341 libro
1664 1278 1917 1358 plurima
1941 1278 2188 1359 profert.
2235 1277 2426 1341 Vnum
2471 1278 2631 1340 hunc

431 1384 706 1447 Scrofam
741 1383 977 1446 duobus
1001 1383 1170 1445 libris
1197 1384 1401 1447 tribuit
1423 1383 1635 1464 Varro
1681 1386 1733 1446 is
1773 1379 1931 1447 enim
1974 1386 2234 1447 omnium
2279 1392 2409 1447 erat
2448 1386 2632 1467 longe

340 1537 349 1544 -
434 1490 820 1556 doctissimus
888 1489 1463 1572 agriculturamque
1503 1510 1620 1554 una
1659 1510 1795 1556 cum
1840 1499 1968 1554 arte
2014 1494 2298 1572 pecuaria
2345 1510 2631 1574 perquam

435 1597 696 1662 callebat
738 1596 841 1675 (ll,
897 1601 950 1678 1,
990 1601 1104 1678 2.),
1164 1601 1243 1662 ita
1298 1606 1362 1664 ut
1416 1601 1475 1662 in
1523 1601 1677 1664 libro
1736 1602 1812 1663 de
1883 1601 2250 1682 agricultura
2294 1620 2370 1665 eo
2416 1619 2658 1665 carere·

431 1722 686 1786 prorsus
728 1704 893 1770 nullo
940 1706 1124 1770 modo
1164 1714 1391 1787 posset.
1434 1707 1485 1771 E
1515 1709 1817 1771 Cicerone
1860 1707 2064 1784 (Verr.
2092 1711 2227 1772 Act.
2277 1711 2318 1788 1,
2365 1710 2464 1783 10,
2492 1709 2628 1791 30.)

434 1833 664 1879 summa
721 1816 1018 1896 religione
1078 1823 1140 1878 et
1205 1817 1511 1899 diligentia
1576 1817 1763 1880 fuisse
1809 1835 1942 1886 eum
2004 1818 2306 1880 hominem
2354 1821 2630 1879 constat:

435 1926 733 1988 tribunum
779 1924 1023 1987 militum
1067 1924 1443 2006 designatum
1472 1942 1528 1987 a.
1560 1941 1618 1987 u.
1652 1926 1799 2004 684,
1849 1924 2111 1987 iudicem
2152 1927 2210 1987 in
2259 1942 2443 1988 causa
2470 1923 2629 1987 Ver-

442 2032 597 2095 rina.
681 2032 1026 2094 Exercitum
1072 2039 1312 2112 quoque
1360 2030 1529 2094 duxit
1574 2034 1636 2094 in
1684 2032 1871 2095 Gallia
1921 2032 2284 2113 transalpina
2328 2032 2407 2113 cl,
2453 2031 2512 2109 7,
2554 2033 2631 2111 8)

439 2140 852 2222 Varronisque
918 2142 1153 2224 collega
1195 2142 1302 2203 fuit
1361 2142 1422 2203 in
1463 2142 1873 2223 uigintiuiratu
1917 2141 1994 2204 ad
2041 2160 2225 2223 agros
2270 2140 2633 2204 dividundos

441 2247 778 2328 Campanos
824 2247 902 2326 (1,
935 2248 995 2325 2,
1035 2247 1184 2317 10.).
1273 2247 1730 2326 Propraetorem
1781 2264 1915 2308 eum
1962 2231 2146 2312 fuisse
2189 2249 2247 2309 in
2280 2246 2638 2309 Macedonia

441 2373 477 2415 e
519 2355 832 2418 Ciceronis
879 2354 991 2431 (ad
1030 2355 1153 2416 Att.
1193 2353 1291 2431 Vl,
1338 2355 1395 2430 1,
1444 2354 1578 2432 13.)
1635 2353 1774 2416 loco
1819 2355 2065 2416 coniicit
2123 2353 2366 2435 Pighius
2406 2353 2637 2430 (annal.

445 2466 715 2546 magistr.
761 2464 836 2549 ad
864 2480 1001 2527 ann.
1031 2462 1254 2541 occu,
1293 2462 1541 2525 DCCssl.
1586 2462 1695 2524 cfr.
1745 2462 1886 2525 ibid.
1933 2462 2008 2525 ad
2060 2480 2197 2524 ann.
2220 2463 2634 2541 DCLXXVlJ=

443 2573 624 2635 nobis
666 2573 898 2635 incerta
942 2590 1064 2635 res.
1165 2572 1349 2634 Attici
1392 2588 1634 2655 quoqne
1676 2577 1736 2633 et
1775 2571 2095 2634 Ciceronis
2137 2571 2444 2632 familiaris
2510 2577 2641 2634 erat

443 2679 659 2747 Scrofa
699 2679 857 2758 [Cic.
908 2678 1005 2743 ad.
1037 2679 1159 2750 Att.
1188 2678 1309 2757 Vll,
1356 2679 1411 2756 1,
1450 2679 1512 2741 8.
1560 2677 1629 2756 V,
1670 2679 1730 2755 4,
1775 2679 1836 2740 2.
1881 2677 1977 2756 vl,
2009 2681 2061 2757 1,
2114 2677 2263 2756 130.
2352 2679 2483 2740 Non
2529 2691 2643 2740 so·-

446 2788 565 2851 lum
611 2788 889 2850 omnibus
929 2786 1248 2850 uirtutibus
1290 2786 1508 2866 politus
1549 2785 1630 2864 (l,
1676 2788 1733 2866 2,
1788 2786 1916 2863 10.)
1964 2786 2072 2848 sed
2119 2787 2297 2847 etiam
2343 2786 2420 2865 de
2466 2789 2641 2867 agri-

446 2897 677 2960 cultura
721 2897 1092 2959 existimatus
1131 2895 1437 2959 Romanus
1481 2895 1878 2975 peritissimus
1926 2893 2251 2974 appellatur
2298 2894 2560 2973 (Colum.
2616 2896 2639 2958 l

444 3005 634 3086 praef.
657 3004 759 3077 32,
781 3004 920 3067 Plin.
950 3003 1045 3081 17,
1067 3003 1201 3080 23.)
1245 3002 1574 3083 Luciliique
1597 3001 1761 3082 Hipri
1789 3003 2077 3083 magister
2099 3001 2204 3080 (11,
2239 3003 2293 3079 1,
2319 3002 2427 3078 2.).
2455 3003 2644 3067 Fundi

447 3115 579 3179 eius
617 3112 838 3175 eximie
893 3090 1066 3173 erant
1123 3110 1298 3188 culti,
1365 3109 1778 3192 Varronisque
1827 3116 1997 3171 aetas
2039 3127 2238 3172 rerum
2282 3113 2642 3174 rusticarum
2679 3153 2691 3163 f

447 3220 709 3289 omnium
737 3219 988 3300 palmam
1017 3221 1074 3282 ei
1109 3219 1424 3282 deferebat
1448 3217 1555 3297 (11,
1585 3220 1641 3296 1,
1666 3219 1795 3290 11.)
1838 3219 2053 3300 quippe
2100 3233 2276 3299 quem
2305 3238 2374 3282 se
2415 3219 2647 3283 πόλλόν

451 3327 695 3406 ἀμείνω
739 3328 964 3391 iudicet
987 3328 1180 3390 Varro
1226 3326 1334 3407 (ΙΙ,
1365 3328 1419 3408 1,
1450 3327 1560 3403 2.).
1646 3326 1861 3388 Scrofa
1905 3334 1963 3388 et
2004 3328 2134 3407 ipse
2179 3328 2255 3389 de
2299 3346 2368 3390 re
2420 3330 2645 3393 rustica

449 3436 610 3517 (001.
654 3435 702 3516 l,
727 3439 784 3516 1,
818 3440 946 3515 12.)
992 3437 1235 3517 scripsit
1278 3420 1510 3498 librum.
1573 3434 1896 3520 Columella
1941 3436 2019 3497 ita
2072 3454 2204 3498 cum
2223 3436 2499 3500 Varrone
2537 3453 2646 3498 re-

448 3563 580 3608 rum
620 3547 977 3608 rusticarum
1020 3546 1316 3626 scriptore
1361 3545 1555 3625 iungit
1587 3543 1888 3620 Scrofam,
1925 3551 2318 3624 utappareat
2362 3534 2647 3625 aequales

449 3670 563 3716 eos
598 3654 803 3718 fuisse.
848 3654 1104 3716 Dubium
1129 3669 1280 3735 ergo
1306 3652 1526 3716 nullum
1556 3669 1697 3715 esse
1721 3658 1941 3732 potest,
1985 3654 2126 3732 quin
2154 3654 2310 3733 apud
2335 3652 2647 3716 Columel-

450 3763 568 3829 lam
616 3763 715 3845 qui
756 3762 1032 3825 laudatur
1069 3761 1230 3825 idem
1275 3762 1354 3824 sit
1397 3767 1577 3841 atque
1617 3760 1719 3823 hic
1764 3758 1991 3824 noster.
2052 3762 2279 3824 Citatur
2320 3762 2453 3824 eius
2494 3779 2650 3842 opus

452 3872 616 3937 haud
656 3889 797 3936 raro
858 3891 895 3935 a
938 3871 1264 3935 Columella
1327 3870 1431 3950 (Is
1459 3874 1511 3948 1,
1569 3874 1597 3932 1
1646 3875 1707 3931 et
1745 3869 1804 3932 6.
1870 3869 1939 3947 11,
1989 3873 2043 3946 1,
2088 3869 2148 3931 4.
2196 3870 2293 3947 10,
2340 3871 2399 3937 8.
2451 3870 2547 3948 14,
2590 3872 2651 3934 3.

453 3961 577 4060 ιιι,
611 3981 671 4060 3,
729 3983 785 4046 2.
860 3982 957 4059 11,
1034 3981 1094 4043 8.
1163 3981 1258 4057 12,
1318 3981 1378 4041 5.
1445 3978 1512 4056 v,
1547 3977 1633 4056 ,6,
1699 3982 1830 4055 9.),
1906 3980 2006 4058 qui
2066 3978 2143 4039 de
2209 3978 2329 4040 hoc
2392 3979 2647 4050 Scrofae

455 4091 612 4154 libro
676 4092 770 4153 sic
831 4080 1099 4157 iudicat:
1143 4088 1485 4163 reddidisse
1526 4105 1663 4151 eum
1711 4078 2211 4183 agricolationem
2269 4087 2684 4169 eloquentem-

461 4198 978 4281 (001.1,1,12.);
1020 4200 1270 4281 plurima
1311 4200 1670 4265 rusticarum
1697 4215 1895 4264 rerum
1943 4207 2268 4285 praecepta
2307 4200 2479 4264 simul
2527 4200 2663 4263 ele-
